1430 2335
619 441 854 489 LIBER
891 442 947 488 II

188 572 440 608 CONTmUEnE
460 585 597 609 omnes
617 574 846 622 intentique
867 586 933 609 ora
953 573 1161 611 tenebant.
1289 586 1368 611 MPR

188 635 281 671 inde
302 640 389 671 toro
411 639 524 683 pater
545 635 704 670 Aeneas
724 636 778 670 sic
798 647 908 671 orsus
931 635 980 670 ab
999 634 1103 671 alto:

242 700 265 716 ‘¹
281 695 506 742 Infandum,
527 698 679 745 regina,
698 696 810 732 iubes
830 709 1020 733 renovare
1039 696 1230 743 dolorem,

188 756 374 794 Troianas
394 763 439 794 ut
458 770 553 806 opes
574 763 616 794 et
634 757 892 794 lamentabile
912 770 1082 807 regnum

189 822 367 856 eruerint
389 818 530 864 Danai,
551 831 732 868 quaeque
753 821 837 868 ipse
857 821 1078 856 miserrima
1099 819 1176 856 vidi
1347 824 1368 857 5

190 887 231 918 et
251 895 418 931 quorum
439 895 527 931 pars
547 895 691 931 magna
711 882 780 919 fui.
837 885 924 932 quis
943 883 1038 920 talia
1058 883 1178 920 fando

192 944 491 993 Myrmidonum
512 944 763 993 Dolopumve
783 949 853 981 aut
873 944 961 981 duri
980 944 1094 982 miles
1115 945 1222 982 Ulixi

190 1011 391 1055 temperet
410 1020 432 1042 a
453 1006 622 1042 lacrimis
639 1007 653 1042 ?
708 1011 750 1043 et
769 1008 847 1042 iam
866 1019 944 1043 nox
964 1007 1098 1043 umida
1118 1007 1226 1044 caelo

189 1070 425 1117 praecipitat
446 1067 696 1117 suadentque
717 1067 902 1104 cadentia
922 1067 1050 1105 sidera
1070 1081 1236 1107 somnos.

190 1128 259 1165 sed
280 1132 311 1165 si
331 1134 468 1166 tantus
487 1142 596 1165 amor
617 1142 727 1166 casus
748 1142 987 1179 cognoscere
1006 1134 1160 1167 nostros
1325 1135 1369 1167 lO

189 1196 231 1228 et
251 1192 424 1228 breviter
443 1191 583 1227 Troiae
604 1204 833 1240 supremum
853 1191 993 1228 audire
1014 1192 1202 1238 laborem,

191 1265 428 1302 quamquam
444 1255 598 1290 animus
612 1255 841 1290 meminisse
855 1252 991 1290 horret
1003 1253 1193 1304 luctuque
1210 1254 1369 1304 refugit,

190 1317 386 1363 incipiam.

507 1371 532 1388 “
547 1367 676 1404 Fracti
696 1367 802 1404 bello
822 1367 994 1418 fatisque
1013 1369 1161 1417 repulsi

191 1430 377 1467 ductores
400 1429 596 1475 Danaum,
615 1434 678 1466 tot
698 1432 774 1465 iam
794 1429 1023 1467 labentibus
1042 1433 1169 1477 annis,

189 1495 314 1528 instar
332 1494 479 1527 montis
500 1504 646 1541 equum
666 1491 799 1527 divina
822 1491 990 1528 Palladis
1010 1497 1095 1529 arte
1325 1498 1368 1530 15

189 1553 402 1590 aedificant
423 1558 612 1602 sectaque
632 1555 820 1589 intexunt
839 1553 971 1590 abiete
993 1560 1143 1598 costas;

190 1621 327 1651 votum
350 1627 418 1664 pro
440 1615 570 1651 reditu
592 1614 802 1659 simulant;
832 1628 878 1652 ea
897 1615 1001 1651 fama
1021 1621 1199 1665 vagatur.

191 1674 268 1710 huc
289 1673 448 1709 delecta
467 1675 593 1708 virum
614 1676 744 1709 sortiti
764 1686 926 1722 corpora
946 1673 1082 1710 furtim

191 1734 403 1771 includunt
424 1747 540 1771 caeco
560 1734 676 1770 lateri
696 1737 937 1784 penitusque
958 1748 1143 1772 cavernas

190 1796 366 1843 ingentis
390 1798 625 1842 uterumque
646 1798 796 1830 armato
816 1794 942 1831 milite
963 1794 1176 1844 complent.
1322 1800 1369 1832 ΕΟ

244 1859 267 1875 “
282 1854 354 1891 Est
374 1857 415 1890 in
435 1859 650 1903 conspectu
670 1854 866 1898 Tenedos,
888 1858 1092 1892 notissima
1112 1855 1215 1892 fama

191 1914 333 1958 insula,
352 1913 461 1950 dives
481 1926 614 1962 opum,
637 1913 777 1949 Priami
799 1913 893 1951 dum
915 1927 1038 1963 regna
1063 1916 1292 1962 manebant,

192 1986 299 2009 nunc
320 1977 475 2008 tantum
497 1975 604 2008 sinus
625 1977 668 2009 et
686 1975 804 2009 statio
825 1972 927 2009 male
948 1972 1024 2009 fida
1045 1976 1185 2010 carinis
1205 1987 1213 2010 :

191 2040 272 2078 294-
