1430 2335
668 103 862 141 VIRGIL

222 178 279 213 At
299 177 432 214 Venus
453 181 605 214 interea
625 178 859 227 Neptunum
880 180 1055 215 exercita
1074 180 1175 216 curis

169 230 394 280 adloquitur
413 231 581 280 talisque
602 231 771 268 effundit
790 236 952 281 pectore
972 237 1156 282 questus:
1275 235 1351 272 780

171 288 193 304 “
208 284 370 320 Iunonis
390 287 518 333 gravis
537 287 594 320 ira
613 298 686 321 nec
707 285 970 322 exsaturabile
990 291 1131 334 pectus

170 342 320 386 cogunt
338 351 416 383 me,
438 339 641 387 Neptune,
660 351 796 387 preces
816 338 1060 376 descendere
1080 342 1120 375 in
1139 341 1289 384 omnis;

171 403 289 440 quam
309 404 382 427 nec
403 392 522 440 longa
540 391 640 437 dies,
661 394 788 441 pietas
806 405 881 429 nec
901 395 1061 442 mitigat
1080 392 1171 437 ulla,

170 457 246 481 nec
266 444 370 481 Iovis
388 447 556 494 imperio
575 445 745 495 fatisque
766 445 934 482 infracta
953 448 1132 495 quiescit.
1252 458 1354 483 FMPR

171 511 251 534 non
272 498 403 534 media
423 498 473 535 de
494 503 618 547 gente
641 498 841 549 Phrygum
861 499 1041 536 exedisse
1061 498 1243 536 nefandis
1278 501 1352 538 785

173 551 312 587 urbem
332 551 431 588 odiis
450 555 545 588 satis
564 557 627 589 est
646 565 721 589 nec
741 565 909 602 poenam
929 558 1040 590 traxe
1061 565 1132 602 per
1150 565 1309 590 omnem

173 605 355 654 reliquias
370 604 509 642 Troiae
527 618 535 649 3
564 608 716 642 cineres
734 611 854 655 atque
874 619 958 643 ossa
976 610 1210 656 peremptae

171 661 403 708 insequitur.
460 672 595 695 causas
617 662 717 696 tanti
737 663 835 696 sciat
854 659 920 696 illa
940 659 1091 697 furoris.

172 714 256 761 ipse
277 712 375 748 mihi
394 725 522 762 nuper
543 713 699 762 Libycis
719 717 763 749 tu
783 715 898 750 testis
916 715 957 749 in
977 713 1094 750 undis

172 778 290 815 quam
310 765 458 802 molem
477 767 607 803 subito
628 769 815 810 excierit3
844 769 966 803 maria
985 769 1117 803 omnia
1136 766 1246 804 caelo
1280 769 1356 809 790

172 821 344 863 miscuit,
365 818 513 855 Aeoliis
532 822 773 869 nequiquam
792 819 894 857 freta
914 820 1110 869 procellis,

172 874 213 907 in
232 874 365 921 regnis
385 872 458 909 hoc
478 886 570 909 ausa
589 875 678 910 tuis.

174 938 244 974 per
263 925 390 962 scelus
410 939 503 963 ecce
523 929 642 963 etiam
663 926 842 963 Troianis
861 927 1052 964 matribus
1071 929 1169 965 actis

174 981 323 1016 exussit
341 978 459 1016 foede
479 982 621 1030 puppis
641 984 683 1017 et
702 980 825 1017 classe
843 981 1004 1029 subegit

174 1035 315 1069 amissa
333 1036 457 1070 socios
477 1036 638 1082 ignotae
658 1033 838 1083 linquere
861 1039 997 1072 terrae.
1281 1037 1355 1077 795

174 1086 279 1135 quod
299 1091 493 1135 superest,
513 1100 593 1132 oro,
613 1087 731 1123 liceat
749 1087 844 1124 dare
862 1092 951 1124 tuta
970 1100 1041 1136 per
1059 1087 1183 1125 undas

175 1139 263 1176 vela
281 1141 368 1184 tibi,
387 1140 506 1176 liceat
528 1141 769 1177 Laurentem
789 1143 989 1190 attingere
1009 1141 1214 1191 Thybrim,

175 1196 206 1229 si
226 1206 409 1229 concessa
428 1199 538 1242 peto,
557 1197 586 1230 si
607 1194 704 1230 dant
724 1207 771 1230 ea
789 1197 945 1231 moenia
967 1194 1147 1231 Parcae.'⁷

176 1251 261 1282 tum
282 1247 488 1283 Saturnius
511 1247 607 1284 haec
627 1247 798 1284 domitor
816 1250 934 1284 maris
955 1247 1082 1285 edidit
1101 1248 1193 1285 alti:

176 1304 199 1320 “
213 1300 270 1335 fas
289 1313 407 1336 omne
428 1305 502 1345 est,
523 1301 734 1350 Cytherea,
755 1304 852 1338 meis
871 1306 912 1338 te
933 1301 1055 1338 fidere
1076 1304 1222 1350 regnis,
1280 1306 1356 1338 800

177 1353 282 1389 unde
304 1366 430 1403 genus
450 1354 571 1391 ducis.
630 1357 756 1391 merui
776 1367 932 1404 quoque
950 1367 959 1398 ;
988 1367 1106 1404 saepe
1126 1354 1277 1392 furores

176 1410 388 1456 compressi
408 1411 450 1444 et
469 1408 617 1444 rabiem
637 1413 790 1444 tantam
809 1407 987 1457 caelique
1007 1410 1214 1458 marisque.

176 1473 251 1497 nec
271 1463 400 1497 minor
418 1463 459 1497 in
480 1464 593 1497 terris
614 1460 837 1511 (Xanthum
859 1460 1142 1510 Simoentaque
1161 1460 1304 1513 testor)

177 1514 339 1551 Aeneae
359 1513 457 1550 mihi
477 1527 569 1551 cura
588 1517 657 1551 tui.
715 1528 801 1551 cuin
824 1514 939 1551 Troia
960 1514 1137 1552 Achilles

177 1569 403 1604 exanimata
421 1580 592 1617 sequens
610 1570 854 1617 impingeret
872 1571 1031 1617 agmina
1050 1570 1181 1614 muris,
1282 1573 1356 1605 805

179 1621 286 1657 milia
304 1621 429 1657 multa
447 1621 562 1658 daret
578 1621 675 1667 leto,
694 1626 983 1670 gemerentque
1002 1622 1147 1670 repleti

177 1687 313 1710 amnes
332 1687 406 1711 nec
426 1677 599 1723 reperire
619 1677 720 1711 viam
739 1680 860 1725 atque
879 1674 1061 1712 evolvere
1083 1679 1215 1724 posset

177 1730 217 1763 in
238 1740 345 1764 mare
365 1741 406 1765 se
428 1728 626 1774 Xanthus,
647 1728 807 1765 Pelidae
828 1734 923 1765 tunc
944 1741 1018 1777 ego
1037 1728 1130 1765 forti

263 1793 310 1815 ⁷⁸²
333 1797 384 1836 in]
400 1796 441 1828 ad
459 1797 600 1828 Servius.
661 1795 709 1815 ⁷⁸⁴
731 1798 856 1828 fatisve
872 1797 909 1828 F.
983 1795 1031 1817 ⁷⁸⁶
1055 1797 1220 1829 excidisse
1235 1797 1272 1830 F.

263 1837 310 1857 ⁷³⁶
335 1841 431 1870 traxe
447 1838 548 1870 P²b²:
576 1844 708 1871 traxere
723 1838 813 1871 F²P¹
834 1851 840 1871 τ
863 1840 1007 1872 traxisse
1024 1838 1135 1873 172311.

262 1879 308 1899 ⁷³⁷
329 1883 547 1922 punctuation
563 1894 598 1913 as
616 1883 783 1914 indz'catcd
799 1883 837 1924 by
855 1883 901 1915 M.

264 1922 311 1942 ⁷⁹⁴
335 1926 485 1956 excussit
501 1924 612 1956 M1P1.

262 1966 309 1986 ⁷⁹⁵
334 1968 452 2006 ignota
468 1968 579 1999 MPR.
621 1971 709 2000 terra
725 1964 820 2000 MP2.

265 2008 311 2029 ³⁰⁵
336 2010 529 2042 inmitteret
546 2009 600 2043 Fl.
816 2009 862 2030 ⁸⁰⁷
887 2012 1006 2053 atque]
1022 2022 1127 2050 neque
1144 2013 1186 2044 P.

177 2067 251 2105 498
