1430 2335
666 80 860 117 VIRGIL

167 156 299 191 omnis'
314 157 354 191 in
377 155 544 191 Ascanio
566 158 645 191 cari
664 160 742 192 stat
763 169 854 192 cura
870 158 1058 205 parentis.

167 229 334 253 munera
351 222 570 265 praeterea,
594 216 723 254 Iliacis
743 222 882 266 erepta
901 220 1038 263 ruinis,

167 277 271 314 ferre
289 278 414 322 iubet,
435 278 580 327 pallam
600 280 722 328 signis
741 291 914 328 auroque
934 281 1149 328 rigentem,

168 344 210 375 et
229 342 535 377 circumtextum
551 353 689 377 croceo
709 340 891 377 velamen
909 340 1093 386 acantho,

167 406 328 438 ornatus
347 401 519 451 Argivae
543 402 737 448 Helenae,
756 414 854 451 quos
868 402 936 438 illa
956 402 1150 451 Mycenis,
1278 400 1354 438 650

170 462 360 511 Pergama
380 477 469 500 cum
490 469 649 512 peteret
667 466 998 512 inconcessosque
1018 462 1275 513 hymenaeos,

168 524 380 571 extulerat,
400 528 538 562 matris
559 525 692 561 Ledae
712 525 892 561 mirabile
913 525 1062 561 donum
1079 537 1088 568 ;

167 591 377 634 praeterea
397 592 613 636 sceptrum,
633 586 762 623 Ilione
782 587 888 636 quod
910 592 1088 635 gesserat
1107 586 1214 632 olim,

167 651 338 684 maxima
357 654 539 685 natarum
562 648 721 692 Priami,
741 648 921 698 colloque
941 648 1089 684 monile
1252 660 1356 684 FMPR

167 709 351 746 bacatum
372 714 414 747 et
433 710 635 759 duplicem
656 712 826 760 gemmis
845 723 1018 759 auroque
1038 722 1232 746 coronam.
1278 707 1354 746 655

168 771 266 809 haec
286 773 465 809 celerans
486 775 562 808 iter
580 772 630 808 ad
650 774 759 808 navis
779 771 976 808 tendebat
998 771 1184 808 Achates.

219 834 275 870 At
297 834 497 883 Cytherea
518 847 636 870 novas
656 836 764 879 artis,
784 846 887 869 nova
906 837 1068 882 pectore
1090 838 1222 871 versat

168 895 343 940 consilia,
362 900 409 932 ut
427 895 569 931 faciem
589 900 767 931 mutatus
787 900 830 932 et
848 907 915 931 ora
934 894 1087 944 Cupido

168 970 238 1006 pro
258 956 365 993 dulci
384 956 555 993 Ascanio
576 959 723 1002 veniat,
743 956 938 1006 donisque
958 956 1160 993 furentem

169 1018 357 1055 incendat
376 1022 557 1067 reginam
577 1023 698 1068 atque
719 1018 870 1054 ossibus
890 1018 1071 1067 implicet
1090 1021 1224 1067 ignem
1241 1031 1249 1054 :
1277 1016 1354 1054 660

168 1083 316 1130 quippe
337 1080 500 1117 domum
518 1082 637 1116 timet
655 1080 884 1128 ambiguam
908 1079 1124 1129 Tyriosque
1145 1080 1354 1129 bilinguis3

169 1144 248 1178 urit
267 1147 379 1178 atrox
401 1141 501 1178 Iuno
521 1147 563 1178 et
582 1142 654 1178 sub
674 1146 831 1177 noctem
855 1154 945 1177 cura
964 1146 1148 1178 recursat.

169 1217 264 1252 ergo
284 1203 343 1240 his
363 1203 556 1252 aligerum
576 1203 693 1239 dictis
713 1202 872 1239 adfatur
891 1203 1078 1239 Amorem
1095 1216 1103 1239 :

169 1269 193 1287 “
208 1271 315 1310 nate,
338 1279 449 1302 meae
466 1268 582 1310 vires,
601 1278 689 1302 mea
710 1277 853 1313 magna
873 1267 1067 1313 potentia,
1087 1264 1206 1311 solus,

168 1332 276 1373 nate,
298 1330 420 1376 patris
441 1329 585 1363 summi
607 1329 675 1376 qui
697 1326 776 1363 tela
796 1325 986 1375 Typhoea
1006 1329 1166 1372 temnis,
1277 1324 1352 1363 665

169 1389 218 1425 ad
239 1394 280 1425 te
301 1389 487 1438 confugio
508 1393 549 1425 et
569 1387 737 1437 supplex
757 1392 825 1424 tua
844 1390 1008 1424 numina
1027 1400 1154 1437 poscO.

169 1450 293 1486 frater
312 1455 356 1487 ut
376 1451 534 1487 Aeneas
554 1450 697 1498 pelago
716 1453 808 1486 tuus
829 1451 960 1485 omnia
980 1451 1127 1485 circum

170 1512 287 1547 litora
305 1514 478 1548 iactetur
497 1510 597 1547 odiis
620 1510 783 1546 Iunonis
802 1511 984 1555 acerbae,

170 1579 265 1610 nota
282 1573 369 1618 tibi,
391 1578 434 1610 et
453 1577 589 1609 nostro
609 1573 773 1608 doluisti
795 1585 911 1621 saepe
931 1571 1078 1609 dolore.

170 1635 275 1671 hunc
297 1634 512 1671 Phoenissa
527 1639 642 1670 tenet
665 1633 771 1669 Dido
791 1632 1027 1683 blandisque
1041 1638 1218 1670 moratur
1273 1632 1350 1672 670

170 1697 343 1742 vocibus,
358 1701 400 1734 et
421 1709 569 1741 vereor,
584 1709 661 1745 quo
681 1708 721 1731 se
744 1695 912 1731 Iunonia
930 1700 1090 1732 vertant

170 1757 364 1806 hospitia3
393 1757 499 1794 haud
519 1762 633 1793 tanto
655 1758 825 1794 cessabit
844 1756 1003 1793 cardine
1024 1769 1165 1794 rerum.

169 1823 351 1869 quocirca
371 1832 513 1868 capere
534 1824 628 1855 ante
649 1818 749 1855 dolis
769 1823 811 1855 et
831 1820 991 1866 cingere
1010 1818 1165 1854 flamma

169 1883 346 1930 reginam
366 1881 551 1924 meditor,
571 1894 622 1916 ne
643 1893 720 1930 quo
740 1892 781 1917 se
801 1883 966 1917 numine
986 1885 1130 1925 mutet,

212 1941 255 1960 ⁰⁶⁸
281 1943 490 2015 iactetssrlque
506 1941 650 1981 FQJIB'y,
671 1943 812 1973 Servius.
839 1942 1001 1974 acerbae:
1026 1941 1163 1979 iniquae
1178 1938 1347 1972 I'2MP2R.

212 1985 255 2003 ⁰⁷⁰
280 1995 368 2017 nune
432 2009 437 2017 .

172 2027 247 2065 285
