1430 2335
681 92 874 131 VIRGIL

190 183 271 207 non
291 182 361 206 nos
381 174 450 206 aut
469 168 575 206 ferro
594 168 764 218 Libycos
784 168 974 219 populare
994 168 1154 206 Penatis

191 227 372 260 venimus
392 228 462 259 aut
480 228 612 271 raptas
631 223 682 259 ad
703 223 819 259 litora
837 227 992 260 vertere
1012 223 1201 272 praedas;

190 291 270 314 non
291 290 338 313 ea
358 279 414 313 vis
434 279 565 312 animo
585 289 659 312 nec
674 281 788 312 tanta
807 277 991 325 superbia
1009 279 1132 313 victis

192 336 254 367 est
272 330 393 375 locus,
418 331 654 379 Hesperiam
677 330 771 365 Grai
791 332 1028 378 cognomine
1047 330 1199 372 dicunt,
1296 333 1371 366 530

190 390 297 421 terra
315 387 492 433 antiqua,
513 388 656 432 potens
674 386 792 418 armis
812 388 932 432 atque
946 384 1067 419 ubere
1087 383 1251 432 glaebae
1270 395 1279 426 3

192 437 361 474 Oenotri
380 437 537 473 coluere
559 439 642 481 viri,
662 449 768 473 nunc
787 436 892 472 fama
910 439 1081 473 minores

193 491 349 528 Italiam
369 490 513 527 dixisse
533 489 644 526 ducis
663 490 714 526 de
733 492 894 526 nomine
913 494 1090 539 gentem.

191 544 257 581 hic
277 556 411 580 cursus
430 544 520 588 fuit,

192 611 281 634 cum
297 599 428 634 subito
447 597 665 645 adsurgens
683 595 805 632 fluctu
824 596 1025 632 nimbosus
1046 596 1171 632 Orion
1297 600 1370 633 535

191 654 233 687 in
253 651 352 687 vada
371 664 487 686 caeca
508 650 602 686 tulit
620 652 860 699 penitusque
879 650 1108 698 procacibus
1128 651 1284 686 Austris

192 717 342 754 perque
363 704 488 740 undas
508 708 722 752 superante
742 703 838 748 salo,
857 716 1007 752 perque
1026 706 1132 739 invia
1151 716 1242 740 saxa

192 758 381 807 dispulit3
411 758 487 793 huc
507 760 621 806 pauci
637 759 777 793 vestris
795 757 1027 793 adnavimus
1046 759 1133 793 oris.

192 811 298 861 quod
319 824 444 860 genus
463 811 537 847 hoc
557 810 790 847 hominum?
819 822 969 859 quaeve
988 809 1094 847 hunc
1114 815 1194 846 tarn
1211 810 1374 846 barbara

298 878 449 900 morem

192 921 391 967 permittit
410 918 565 967 patria?
611 917 784 966 hospitio
804 915 1060 966 prohibemur
1078 917 1250 953 harenae
1266 929 1275 960 ;
1297 920 1373 953 540

193 971 298 1008 bella
318 974 426 1008 cient
446 974 651 1020 primaque
672 975 813 1007 vetant
831 973 1048 1006 consistere
1069 976 1188 1007 terra.

193 1028 225 1061 si
245 1038 372 1074 genus
393 1025 608 1060 humanum
630 1029 671 1061 et
688 1023 870 1060 mortalia
888 1026 1067 1060 temnitis
1085 1037 1205 1069 arma,

193 1084 234 1115 at
254 1083 411 1128 sperate
433 1079 528 1114 cleos
549 1090 743 1114 memores
763 1076 873 1113 fandi
897 1082 1018 1126 atque
1039 1077 1212 1114 nefandi.

192 1145 261 1168 rex
283 1137 368 1168 erat
390 1133 546 1168 Aeneas
566 1132 690 1175 nobis,
711 1143 789 1179 quo
808 1133 948 1167 iustior
965 1130 1068 1167 alter

193 1198 268 1222 nec
288 1188 441 1234 pietate
461 1185 550 1228 fuit,
570 1198 645 1221 nec
665 1184 770 1220 bello
789 1187 913 1220 maior
932 1188 974 1221 et
992 1186 1120 1220 armis.
1297 1187 1371 1220 545

194 1251 312 1288 quem
333 1241 363 1275 si
384 1238 465 1275 fata
486 1241 610 1274 virum
631 1242 804 1280 servant,
825 1240 856 1274 si
876 1240 1048 1274 vescitur
1069 1250 1163 1273 aura

193 1292 373 1328 aetheria
391 1305 522 1341 neque
542 1291 670 1328 adhuc
690 1291 917 1327 crudelibus
935 1292 1103 1327 occubat
1122 1291 1282 1336 umbris,

194 1359 274 1382 non
294 1351 437 1390 metus,
458 1345 583 1381 officio
602 1358 676 1381 nec
696 1350 738 1381 te
758 1349 930 1381 certasse
948 1347 1119 1393 priorem

193 1402 414 1448 paeniteat.
467 1403 561 1435 sunt
580 1403 621 1434 et
641 1398 780 1434 Siculis
798 1398 1026 1446 regionibus
1044 1398 1162 1434 urbes

193 1465 376 1501 arvaque,
397 1452 643 1501 Troianoque
663 1465 685 1487 a
705 1454 896 1500 sanguine
916 1451 1042 1487 clarus
1062 1451 1239 1487 Acestes.
1297 1454 1372 1486 550

195 1511 419 1555 quassatam
441 1508 571 1541 ventis
591 1505 709 1541 liceat
728 1505 950 1541 subducere
970 1504 1134 1541 classem

195 1566 235 1595 et
256 1559 362 1596 silvis
381 1564 518 1608 aptare
537 1559 671 1595 trabes
691 1563 733 1595 et
751 1561 948 1607 stringere
966 1571 1109 1603 remos,

195 1616 226 1648 si
246 1612 363 1649 datur
383 1612 539 1648 Italiam
560 1615 673 1648 sociis
693 1616 735 1647 et
754 1625 850 1659 rege
868 1616 1032 1660 recepto

194 1666 376 1710 tendere,
396 1671 441 1702 ut
462 1665 618 1701 Italiam
637 1665 732 1701 laeti
756 1665 991 1714 Latiumque
1012 1669 1215 1714 petamus;

194 1722 255 1755 sin
274 1721 484 1767 absumpta
503 1719 617 1764 salus,
633 1724 672 1755 et
693 1724 749 1763 te,
769 1723 883 1768 pater
901 1721 1051 1767 optime
1066 1717 1276 1763 Teucrum,
1297 1722 1371 1755 555

195 1777 342 1822 pontus
363 1772 484 1808 habet
506 1772 655 1821 Libyae
675 1785 749 1808 nec
769 1784 858 1821 spes
880 1775 958 1808 iam
977 1776 1104 1808 restat
1125 1772 1213 1816 Iuli,

193 1831 236 1862 at
254 1825 358 1862 freta
376 1825 555 1862 Sicaniae
575 1826 715 1862 saltem
735 1825 929 1874 sedesque
949 1830 1115 1874 paratas,

194 1879 301 1916 unde
321 1879 399 1915 huc
417 1879 587 1924 advecti,
606 1891 824 1928 regemque
847 1884 1031 1928 petamus
1051 1878 1264 1915 Acesten.’'

508 1975 551 1994 5⁵⁰
575 1985 732 2013 armaque
753 1975 832 2006 PR:
856 1984 1002 2015 arvaque
1018 1975 1068 2007 M.

194 2038 269 2075 278
