1430 2335
675 119 869 157 VIRGIL

747 226 826 263 VII

664 325 692 350 M
699 325 877 350 ELIBOEUS

183 382 318 419 FonTE
336 383 408 420 sub
428 387 568 431 arguta
587 383 822 419 consederat
840 382 930 419 ilice
952 383 1145 431 Daphnis,
1304 396 1357 420 MP

181 436 535 485 compulerantque
554 449 696 485 greges
717 435 898 485 Corydon
919 441 960 473 et
980 436 1140 486 Thyrsis
1160 439 1199 472 in
1221 450 1354 483 unum,

180 489 342 536 Thyrsis
360 492 455 534 ovis,
475 489 657 538 Corydon
677 489 873 526 distentas
892 489 995 526 lacte
1015 490 1198 539 capellas,

179 542 296 580 ambo
314 542 499 579 florentes
516 543 727 588 aetatibus,
746 542 920 579 Arcades
937 543 1065 589 ambo,

181 602 223 633 et
241 602 400 633 cantare
421 609 534 645 pares
554 601 595 633 et
614 595 855 645 respondere
876 599 1013 646 parati.
1332 600 1353 633 5

179 649 257 686 huc
276 649 388 695 mihi,
406 648 501 686 dum
521 654 678 686 teneras
697 649 871 686 defendo
890 663 912 685 a
931 649 1078 699 frigore
1098 655 1261 699 myrtos,

179 706 237 739 vir
256 706 388 752 gregis
408 706 493 752 ipse
508 716 624 752 caper
642 703 907 748 deerraverat,
922 709 1042 753 atque
1056 716 1131 753 ego
1151 703 1354 753 Daphnim

181 760 340 806 aspicio.
398 756 466 793 ille
485 757 552 793 ubi
573 769 636 793 me
657 761 795 793 contra
813 756 936 802 videt,
957 761 981 777 “
994 760 1101 794 ocius
1118 757 1140 769 ''
1158 759 1289 806 inquit

179 810 292 847 “huc
310 809 418 856 ades,
438 823 460 846 ο
478 810 677 846 Meliboee
697 823 704 846 :
733 823 850 859 caper
870 810 943 846 tibi
963 810 1091 847 salvus
1107 815 1149 848 et
1167 810 1283 847 haedi
1305 825 1312 848 :

178 868 220 901 et
239 866 270 900 si
289 863 385 913 quid
404 876 556 900 cessare
575 869 702 912 potes,
721 866 924 913 requiesce
945 865 1016 900 sub
1037 864 1183 901 umbra.
1309 869 1353 901 lO

176 917 253 954 huc
272 919 348 966 ipsi
366 922 506 966 potum
524 919 689 954 venient
708 930 778 966 per
800 922 913 966 prata
931 919 1100 963 iuvenci,

177 971 241 1007 hic
262 970 396 1007 viridis
416 976 556 1008 tenera
575 973 773 1019 praetexit
792 970 1013 1007 harundine
1040 975 1143 1020 ripas
1276 983 1353 1007 MPv

178 1024 360 1068 Mincius,
380 1037 481 1073 eque
501 1037 610 1061 saera
627 1029 816 1061 resonant
834 1027 1015 1060 examina
1035 1023 1224 1074 quercu.'’

176 1078 270 1127 quid
304 1076 503 1114 facerem?
549 1090 680 1128 neque
711 1091 785 1127 ego
823 1076 1021 1126 Alcippen
1058 1091 1134 1115 nec
1173 1076 1354 1126 Phyllida

278 1130 488 1177 habebam,

175 1183 361 1233 depulsos
381 1198 402 1220 a
421 1184 525 1220 lacte
546 1183 652 1220 domi
673 1196 773 1233 quae
794 1183 1000 1220 clauderet
1018 1195 1165 1232 agnos;
1306 1189 1350 1220 }5

175 1243 216 1274 et
233 1243 434 1275 certamen
455 1242 554 1283 erat,
575 1237 757 1287 Corydon
777 1250 866 1273 cum
886 1237 1080 1286 Thyrside
1099 1250 1300 1287 magnum.

174 1290 385 1340 posthabui
402 1296 540 1327 tamen
557 1290 714 1327 illorum
731 1303 820 1327 mea
839 1293 938 1327 seria
958 1290 1061 1327 ludo.

173 1344 335 1381 alternis
350 1347 472 1393 igitur
491 1344 735 1381 contendere
754 1345 930 1381 versibus
948 1344 1063 1380 ambo

173 1411 353 1447 coepere,
373 1398 546 1434 alternos
567 1398 705 1434 Musae
724 1400 952 1434 meminisse
970 1397 1169 1434 volebant.

174 1452 244 1489 hos
265 1451 459 1501 Corydon,
479 1451 566 1488 illos
586 1451 785 1488 referebat
805 1454 845 1488 in
865 1451 1001 1488 ordine
1022 1450 1192 1501 Thyrsis.
1302 1455 1351 1486 ‚⁶20

671 1623 855 1649 CORYDON

173 1682 397 1732 Nymphae,
410 1686 545 1719 noster
562 1695 682 1727 amor,
698 1680 963 1727 Libethrides,
976 1686 1045 1718 aut
1063 1680 1158 1717 mihi
1180 1694 1351 1726 carmen,

172 1736 289 1785 quale
308 1749 397 1773 meo
419 1735 558 1780 Codro,
578 1736 787 1772 concedite
806 1734 1000 1785 (proxima
1020 1734 1169 1771 Phoebi

173 1789 349 1826 versibus
368 1789 436 1826 ille
456 1788 592 1840 facit);
620 1794 702 1833 aut,
723 1791 754 1825 si
773 1802 854 1824 non
873 1801 1080 1838 possumus
1098 1801 1216 1825 omne

172 1841 237 1879 hic
257 1847 399 1892 arguta
420 1855 527 1879 sacra
547 1842 741 1891 pendebit
760 1841 892 1878 fistula
910 1845 1019 1891 pinu.

505 1926 518 1945 ⁶
544 1928 598 1959 hic
613 1928 652 1958 P.

492 1968 521 1988 ²⁹
546 1970 701 2001 volebam
720 1970 834 2000 known
851 1974 880 2000 to
897 1969 1038 2002 Servius.

492 2011 521 2030 ²³
546 2014 714 2053 possimus
731 2012 842 2043 M¹P¹.

173 2072 222 2104 48
