1430 2335
634 91 826 129 VIRGIL

134 168 348 214 extulerat,
363 167 535 217 fatisque
555 167 886 205 deumdefensus
896 170 1050 218 iniquis

106 220 121 222 ”
132 220 305 259 inclusos
324 226 439 258 utero
460 222 618 258 Danaos
637 227 680 258 et
699 224 817 271 pinea
835 222 975 258 furtim

134 275 242 312 laxat
261 275 432 312 claustra
451 274 585 312 Sinon.
616 290 629 300 >
644 275 732 311 illos
750 275 976 324 patefactus
995 274 1046 311 ad
1064 287 1176 310 auras

134 328 269 365 reddit
288 342 425 378 equus,
445 329 621 379 laetique
641 341 737 365 cavo
756 342 798 366 se
818 329 957 366 robore
977 333 1163 377 promunt
1239 325 1317 364 260

134 382 408 419 Thessandrus
422 382 717 432 Sthenelusque
735 381 856 419 duces
875 387 918 419 et
936 382 1044 419 dirus
1064 381 1213 424 Ulixes,

135 436 350 472 demissum
371 436 469 485 lapsi
488 449 559 485 per
577 436 728 481 funem,
747 437 994 485 Acamasque
1013 434 1221 483 Thoasque

84 515 88 519 η
138 489 373 539 Pelidesque
396 490 683 538 Neoptolemus
702 492 929 538 primusque
950 488 1148 525 Machaon

137 548 180 580 et
199 543 409 580 Menelaus
429 548 471 580 et
490 546 575 592 ipse
595 543 675 580 doli
695 543 907 580 fabricator
928 543 1071 591 Epeos.

138 596 333 642 invadunt
353 598 492 633 urbem
511 610 649 633 somno
669 599 838 646 vinoque
858 597 1068 645 sepultam,
1242 593 1316 632 265

137 651 359 687 caeduntur
378 650 529 699 vigiles,
550 654 751 700 portisque
772 650 1001 699 patentibus
1020 650 1147 686 omnis

137 707 339 753 accipiunt
356 707 482 740 socios
501 710 622 754 atque
641 707 800 753 agmina
820 705 975 740 conscia
994 705 1178 752 iungunt.
1219 715 1223 718 ·

190 761 214 778 “
230 757 405 806 Tempus
426 763 523 801 erat,
543 771 620 807 quo
640 761 765 807 prima
784 760 896 807 quies
914 757 1147 794 mortalibus
1166 757 1293 804 aegris

138 814 279 860 incipit
299 817 341 848 et
360 812 465 847 douo
485 811 620 848 divum
640 814 865 860 gratissima
883 813 1019 860 serpit.

139 868 180 900 in
196 867 354 910 somnis,
370 878 473 910 ecce,
488 870 581 901 ante
597 865 730 901 oculos
745 866 1030 901 maestissimus
1047 863 1203 900 Hector
1242 864 1318 902 270

141 921 243 955 visus
261 917 399 955 adesse
419 919 516 955 mihi
534 919 743 968 largosque
764 918 969 955 effundere
989 916 1116 961 fletus,

139 976 318 1020 raptatus
338 971 452 1020 bigis,
474 977 517 1009 ut
535 972 749 1021 quondam,
767 977 933 1021 aterque
953 975 1118 1008 cruento

140 1026 302 1074 pulvere
323 1038 472 1075 perque
492 1026 616 1075 pedes
635 1028 823 1062 traiectus
842 1025 924 1061 lora
943 1027 1147 1061 tumentis.

140 1082 178 1115 ei
198 1079 308 1122 mihi,
328 1080 454 1128 qualis
475 1081 582 1115 erat!
638 1085 832 1129 quantum
852 1083 1031 1116 mutatus
1050 1078 1099 1114 ab
1120 1077 1187 1113 illo

144 1132 336 1176 Hectore,
356 1135 423 1182 qui
443 1133 550 1169 redit
569 1135 728 1170 exuvias
748 1132 911 1169 indutus
932 1131 1081 1168 Achilli
1243 1133 1317 1170 275

140 1185 203 1222 vel
224 1186 408 1222 Danaum
430 1186 622 1236 Phrygios
642 1186 833 1223 iaculatus
853 1187 1051 1237 puppibus
1069 1185 1194 1234 ignis!

140 1238 389 1288 squalentem
409 1239 569 1276 barbam
590 1245 632 1277 et
651 1244 856 1277 concretos
875 1241 1067 1288 sanguine
1087 1241 1204 1274 crinis

140 1293 381 1342 volneraque
401 1292 467 1329 illa
487 1306 642 1342 gerens,
662 1306 762 1343 quae
781 1296 929 1330 circum
949 1293 1117 1342 plurima
1136 1304 1266 1328 muros

140 1350 296 1394 accepit
317 1349 471 1394 patrios.
530 1347 634 1383 ultro
659 1346 754 1383 flens
774 1349 859 1396 ipse
879 1346 1043 1384 videbar

141 1399 381 1448 compellare
403 1403 528 1436 virum
551 1406 591 1437 et
610 1405 781 1437 maestas
801 1412 1035 1449 expromere
1056 1412 1194 1436 voces:
1243 1402 1319 1434 280

142 1457 188 1489 ‘o
209 1454 274 1490 lux
297 1452 534 1497 Dardaniae,
554 1467 643 1503 spes
662 1467 685 1490 o
705 1453 892 1490 fidissima
912 1453 1121 1496 Teucrum,

141 1519 243 1556 quae
264 1511 400 1542 tantae
421 1513 587 1544 tenuere
606 1508 771 1544 morae?
807 1507 951 1557 quibus
974 1508 1128 1544 Hector
1145 1506 1194 1542 ab
1215 1508 1292 1542 oris

142 1565 376 1609 exspectate
396 1562 533 1596 venis?
589 1566 633 1598 ut
651 1566 693 1597 te
713 1565 803 1610 post
822 1560 949 1597 multa
965 1566 1125 1597 tuorum

142 1614 291 1659 funera,
315 1618 403 1662 post
424 1616 549 1650 varios
568 1614 854 1663 hominumque
874 1614 1059 1664 urbisque
1078 1614 1232 1649 labores

142 1667 288 1703 defessi
308 1670 518 1716 aspicimus
535 1668 542 1703 ἔ
600 1680 702 1717 quae
723 1680 839 1704 causa
858 1667 1024 1716 indigna.
1043 1679 1203 1703 serenos
1243 1669 1318 1702 285

142 1720 320 1757 foedavit
341 1720 497 1757 voltus?
553 1727 623 1757 aut
643 1734 711 1757 cur
732 1721 830 1757 haec
849 1720 1011 1757 volnera
1031 1732 1147 1757 cerno
1163 1721 1176 1755 ?
1194 1718 1201 1729 '

140 1774 209 1811 ille
229 1773 343 1818 nihil,
364 1787 437 1810 nec
457 1787 520 1811 me
541 1780 802 1824 quaerentem
823 1787 923 1810 vana
943 1779 1130 1817 moratur,

141 1828 211 1864 sed
232 1830 407 1877 graviter
426 1831 600 1876 gemitus
621 1831 699 1864 imo
719 1828 770 1864 de
791 1832 954 1876 pectore
974 1827 1136 1872 ducens,
1222 1838 1321 1862 mirv

141 1884 151 1901 ‘
165 1880 243 1917 heu
261 1881 268 1916 !
306 1880 414 1929 fuge,
434 1886 528 1918 nate
549 1881 636 1926 dea,
655 1887 777 1931 teque
800 1879 885 1924 his:
905 1884 973 1925 ait,
992 1879 1319 1931 ‘eripe-*flammis

138 1948 351 2024 Sjlflll'divus
381 1949 432 1988 17¹,
466 1950 660 1983 Clam-isius.-
704 1949 782 1982 dius
810 1949 1022 1982 Macrobius:
1066 1951 1170 1982 durus
1214 1949 1322 1979 Berne

163 2004 178 2023 c
202 2003 219 2023 ο
234 2003 279 2025 za.

139 2052 216 2083 312
