1430 2335
678 82 870 120 VIRGIL

185 163 268 194 tuin
293 157 358 194 Sol
379 158 564 207 pallentis
584 158 689 194 haud
710 172 895 208 umquam
916 159 1079 196 discutit
1097 159 1267 205 umbras,

185 231 259 254 nec
279 231 368 254 cum
388 221 567 255 invectus
588 221 698 267 equis
717 219 841 255 altum
861 222 965 268 petit
981 219 1159 264 aethera,
1179 233 1252 256 nec
1272 233 1360 256 cum

186 282 445 329 praecipitem
467 280 618 316 Oceani
637 281 754 316 rubro
774 281 869 316 lavit
889 293 1059 330 aequore
1079 294 1246 319 currum.

187 347 448 377 concrescunt
469 341 623 379 subitae
645 345 818 378 currenti
839 345 878 378 in
899 342 1058 379 flumine
1079 348 1246 387 crustae,
1287 341 1362 380 360

187 402 371 452 undaque
392 405 468 439 iam
488 409 602 452 tergo
622 402 787 440 ferratos
807 406 976 441 sustinet
993 404 1108 449 orbis,

188 465 385 514 puppibus
406 465 471 501 illa
488 468 606 514 prius,
628 464 771 514 patulis
787 477 892 502 nunc
911 465 1067 514 hospita
1086 466 1293 515 plaustr-iffi

188 538 358 574 aeraque
380 526 579 561 dissiliunt
597 525 726 574 volgo,
748 530 957 575 vestesque
977 528 1180 574 rigescunt

188 586 364 631 indutae,
385 587 635 636 caeduntque
655 587 855 623 securibus
874 587 1006 623 umida
1026 590 1128 632 vina,

189 652 231 684 et
251 652 358 684 totae
380 647 547 684 solidam
566 651 607 683 in
627 647 796 697 glaciem
817 653 971 684 vertere
994 647 1170 693 lacunae,
1291 648 1365 686 365

193 711 383 758 stiriaque
403 711 571 758 impexis
591 709 770 745 induruit
791 709 948 745 horrida
968 709 1109 746 barbis.

189 772 343 807 interea
364 775 449 806 toto
471 784 548 806 non
570 772 691 806 setius
712 775 802 806 aere
822 773 1004 819 ninguit:

189 834 394 868 intereunt
415 832 601 881 pecudes,
631 837 739 868 stant
755 831 988 869 circumfusa
1008 836 1155 881 pruinis

190 906 353 942 corpora
373 906 515 941 magna
536 894 668 937 boum,
689 893 948 942 confertoque
968 897 1126 941 agmine
1147 897 1250 931 cervi

189 959 352 1003 torpent
364 953 468 990 mole
486 968 584 990 nova
598 960 639 990 et
651 957 812 990 summis
827 957 890 990 vix
907 955 1090 992 cornibus
1105 961 1273 992 exstant.
1291 959 1366 994 370

187 1015 258 1051 hos
280 1028 358 1051 non
383 1017 565 1051 immissis
586 1016 760 1061 canibus,
782 1029 860 1051 non
882 1017 1054 1052 cassibus
1074 1017 1164 1052 ullis

188 1079 430 1126 puniceaeve
451 1078 606 1126 agitant
627 1076 788 1125 pavidos
809 1075 1020 1114 formidine
1040 1080 1199 1127 pinnae,

188 1137 259 1174 scd
280 1138 422 1174 frustra
443 1140 669 1187 oppositum
691 1138 890 1175 trudentis
912 1143 1073 1187 pectore
1093 1145 1270 1176 montem

191 1202 408 1236 comminus
429 1200 670 1236 obtruncant
689 1199 804 1245 ferro,
826 1203 1079 1250 graviterque
1100 1201 1279 1238 rudentis

190 1260 374 1305 caedunt,
396 1266 437 1297 et
457 1273 601 1309 magno
622 1261 716 1297 laeti
737 1261 907 1298 clamore
927 1267 1142 1311 reportant.
1290 1265 1365 1301 375

189 1323 262 1370 ipsi
280 1324 319 1357 in
339 1321 505 1358 defossis
522 1322 715 1371 specubus
735 1335 870 1358 secura
890 1323 962 1359 sub
981 1324 1060 1360 alta

190 1386 271 1419 otia
290 1388 416 1433 agunt
437 1388 555 1428 terra,
576 1389 840 1433 congestaque
862 1385 999 1420 robora
1019 1389 1200 1435 totasque

188 1444 398 1481 advolvere
420 1444 515 1480 focis
535 1445 661 1481 ulmos
680 1447 842 1494 ignique
863 1445 1023 1483 dedere.

190 1504 254 1541 hic
275 1511 434 1542 noctem
455 1505 548 1542 ludo
568 1506 730 1551 ducunt,
754 1512 794 1542 et
819 1507 956 1556 pocula
977 1507 1070 1544 laeti

189 1567 387 1604 fermento
406 1573 526 1617 atque
546 1567 667 1604 acidis
687 1569 894 1604 imitantur
913 1571 1017 1605 vitea
1036 1569 1170 1606 sorbis.
1292 1573 1368 1606 380

188 1628 277 1664 talis
300 1629 561 1677 Hyperboreo
581 1634 734 1677 septem
756 1629 933 1666 subiecta
951 1630 1069 1666 trioni

192 1702 291 1738 gens
313 1690 460 1726 effrena
481 1693 608 1726 virum
631 1689 807 1739 Rhipaeo
828 1691 1011 1728 tunditur
1031 1691 1137 1728 Euro

191 1756 233 1787 et
252 1752 449 1799 pecudum
472 1751 589 1787 fulvis
609 1751 761 1788 velatur
782 1764 942 1800 corpora
962 1755 1090 1788 saetis.

244 1812 284 1848 Si
305 1812 375 1848 tibi
399 1812 582 1848 lanitium
603 1825 731 1857 curae,
751 1815 922 1861 primum
941 1826 1077 1862 aspera
1097 1814 1190 1850 silva

189 1872 410 1922 lappaeque
433 1873 646 1923 tribolique
666 1873 820 1917 absint;
847 1874 944 1923 fuge
965 1875 1106 1923 pabula
1126 1875 1244 1920 laeta,
1289 1879 1363 1911 385

234 1935 279 1955 ³⁵⁹
300 1936 393 1967 lavat
410 1935 476 1969 M2.
598 1936 642 1955 ³⁶⁵
664 1937 700 1967 in
716 1937 862 1968 solidam
885 1937 922 1968 R.
1073 1937 1118 1956 ³⁶⁶
1140 1938 1268 1969 omitted
1284 1939 1322 1969 R.

232 1978 277 1997 ³⁶⁹
300 1979 455 2012 confecto
482 1980 546 2011 VR.
596 1978 640 1998 ⁸⁷⁷
663 1979 941 2018 totasque]t0tas
957 1979 1025 2012 111².
1079 1980 1123 2000 ³⁸³
1146 1982 1300 2012 velantur
1315 1981 1360 2013 M.

192 2036 265 2069 180
