1430 2335
696 73 891 110 VIRGIL

206 155 248 186 et
267 149 393 185 multo
412 151 453 184 in
474 151 608 197 primis
627 148 800 185 hilarans
819 150 996 184 convivia
1017 149 1184 195 Baccho,

204 219 298 250 ante
320 213 463 258 focum,
484 216 515 249 si
535 212 657 261 frigus
679 215 768 256 erit,
789 215 819 248 si
841 215 990 258 messis,
1010 216 1049 249 in
1069 215 1207 255 umbra
1334 216 1384 252 70

204 280 294 313 vina
314 290 458 313 novum
479 276 642 313 fundam
663 276 828 312 calathis
849 277 1003 313 Ariusia
1023 283 1170 315 nectar.

205 343 424 378 cantabunt
442 341 540 378 mihi
561 340 776 378 Damoetas
797 346 838 378 et
860 341 1021 391 Lyctius
1042 343 1198 391 Aegon,

204 406 386 443 saltantis
405 405 566 455 Satyros
584 405 806 442 imitabitur
825 405 1128 455 Alphesiboeus.

204 470 303 507 haee
322 471 396 507 tibi
416 483 574 519 semper
593 475 723 515 erunt,
746 475 787 506 et
806 483 896 506 cum
917 471 1124 507 sollemnia
1144 475 1235 507 vota

204 534 416 571 reddemus
436 534 646 584 Nymphis,
667 539 709 570 et
729 547 818 570 cum
837 534 1093 571 lustrabimus
1113 548 1238 584 agros
1333 537 1382 574 75

205 598 300 634 dum
320 601 412 647 iuga
431 601 578 635 montis
598 611 706 647 aper,
726 597 861 635 fluvios
882 598 977 635 dum
997 601 1114 647 piscis
1133 600 1293 644 amabit,

204 662 378 712 dumque
399 662 538 711 thymo
558 667 770 711 pascentur
788 675 896 711 apes,
916 663 1011 699 dum
1033 676 1117 700 rore
1138 664 1311 710 cicadae,

205 740 362 775 semper
380 726 505 762 honos
531 739 758 776 nomenque
779 732 892 763 tuum
912 727 1131 777 laudesque
1152 729 1382 765 manebunt.

204 796 249 827 ut
273 790 424 827 Baccho
445 791 671 840 Cererique,
691 792 765 827 tibi
786 793 840 827 sic
862 796 951 828 vota
971 795 1183 841 quotannis

204 855 400 903 agricolae
420 854 568 891 facient
585 867 593 899 ;
622 855 827 892 damnabis
847 860 890 892 tu
912 868 1068 906 quoque
1083 855 1225 893 votis.’'
1263 887 1266 890 .
1336 860 1385 893 80

725 1000 868 1024 MOPSUS

205 1056 318 1102 Quae
337 1058 425 1102 tibi,
444 1070 545 1107 quae
566 1057 636 1094 tali
657 1057 820 1098 reddam
841 1070 912 1108 pro
933 1061 1106 1095 carmine
1126 1058 1230 1095 dona
1247 1060 1260 1095 ἒ

204 1124 295 1147 nam
315 1124 446 1161 neque
466 1124 530 1147 me
551 1116 709 1148 tantum
729 1114 927 1148 venientis
948 1112 1086 1148 sibilus
1106 1112 1243 1149 Austri

202 1177 277 1201 nec
298 1177 481 1213 percussa
501 1168 636 1201 iuvant
656 1165 777 1201 fluctu
797 1171 880 1201 tam
899 1165 1028 1211 litora,
1047 1179 1121 1202 nec
1141 1179 1242 1216 quae

204 1231 358 1255 saxosas
379 1221 483 1255 inter
503 1219 721 1255 decurrunt
741 1218 902 1255 flumina
923 1219 1045 1256 vallis.

691 1365 717 1390 Μ
725 1365 890 1389 ENALCAS

205 1423 293 1460 Hac
312 1428 353 1460 te
373 1436 444 1459 nos
466 1422 595 1472 fragili
615 1423 850 1460 donabimus
869 1428 965 1460 ante
986 1425 1126 1460 cicuta.
1335 1428 1382 1461 85

202 1476 301 1513 haec
320 1490 391 1513 nos
410 1481 435 1498 “
448 1475 663 1513 formosum
684 1477 868 1526 Corydon
887 1477 1057 1514 ardebat
1077 1475 1274 1523 Alexim,''
1309 1490 1384 1515 an

202 1530 301 1567 haec
321 1530 461 1567 eadem
480 1530 619 1567 docuit
637 1534 663 1552 “
677 1533 809 1567 cuium
830 1532 981 1581 pecus?
1007 1544 1058 1568 an
1080 1531 1271 1568 Meliboei
1288 1532 1301 1567 ?
1316 1531 1337 1544 ’'

720 1677 863 1701 MOPSUS

200 1735 257 1772 At
276 1740 320 1771 tu
341 1746 450 1771 sume
470 1734 632 1783 pedum,
652 1734 771 1784 quod,
790 1747 854 1771 me
874 1747 964 1771 cum
984 1747 1103 1783 saepe
1123 1741 1295 1784 rogaret,

201 1801 279 1824 non
301 1788 394 1824 tulit
416 1789 642 1837 Antigenes
662 1788 722 1838 (et
742 1794 828 1825 erat
845 1792 933 1825 tum
954 1788 1100 1837 dignus
1118 1788 1271 1841 amari),

199 1841 415 1878 formosum
434 1842 593 1891 paribus
613 1843 726 1877 nodis
745 1847 867 1891 atque
887 1855 992 1887 aere,
1016 1842 1209 1881 Menalca.
1331 1846 1382 1885 90

542 1915 572 1933 ³⁰
598 1917 669 1947 voti
686 1915 731 1946 12¹
746 1927 753 1948 :
783 1918 870 1947 votis
886 1915 941 1948 ΕΞ.

540 1958 569 1977 ⁸⁹
595 1960 683 1999 tum]
700 1969 788 1992 nunc
804 1958 871 1992 1²1:
889 1962 971 1991 tunc
988 1958 1046 1995 P2‚

200 2018 251 2053 40
