1430 2335
684 84 876 121 VIRGIL

195 166 325 196 vatem
348 164 526 209 pastores
545 171 553 202 ;
582 159 652 195 sed
673 172 753 195 non
773 172 848 208 ego
868 159 1052 196 credulus
1073 160 1160 196 illis.

194 235 284 257 nam
307 234 438 269 neque
458 220 589 256 adhuc
610 220 727 256 Vario
747 220 884 257 videor
903 234 978 258 nec
997 221 1130 257 dicere
1152 221 1277 257 Cinna
1325 226 1372 258 35

194 282 328 331 digna,
348 281 418 318 sed
439 286 600 330 argutos
621 284 728 318 inter
742 286 921 331 strepere
940 295 1056 319 anser
1075 282 1214 320 olores.

714 400 856 424 MOERIS

196 457 242 494 Id
262 457 424 507 quidem
441 471 515 506 ago
532 462 573 493 et
589 460 748 503 tacitus,
765 457 928 507 Lycida,
942 471 1100 494 mecum
1114 461 1197 507 ipse
1215 458 1362 504 voluto,

195 522 226 555 si
246 519 398 555 valeam
419 521 648 555 meminisse
665 531 673 562 3
702 532 834 568 neque
854 524 916 556 est
935 519 1111 567 ignobile
1134 533 1303 556 carmen.

195 580 310 616 “huc
330 580 439 625 ades,
460 593 482 615 o
504 579 693 623 Galatea;
724 583 810 629 quis
832 585 893 616 est
912 593 1004 616 nani
1024 580 1140 617 ludus
1161 583 1203 616 in
1222 580 1366 617 undis?

194 641 259 677 hic
280 654 349 677 ver
368 654 625 689 purpureum,
646 643 773 677 varios
794 641 858 677 hie
877 641 1039 677 flumina
1059 644 1206 677 circum
1327 645 1377 678 40

195 702 328 738 fundit
347 701 490 738 humus
511 701 637 747 flores,
657 701 721 737 hic
742 702 909 738 candida
928 702 1098 751 populus
1118 708 1233 739 antro

194 765 379 800 imminet
399 768 440 799 et
459 763 595 799 lentae
616 768 761 800 texunt
780 763 1012 799 umbracula
1031 766 1132 800 vites
1148 777 1155 800 :

195 825 272 861 huc
291 825 411 869 ades3
439 827 566 861 insani
587 824 733 861 feriant
752 827 838 861 sine
857 825 975 861 litora
993 824 1173 862 fluetus.''

705 944 866 967 LYCIDAS

197 1000 315 1046 Quid,
337 1014 436 1050 quae
459 1005 499 1038 te
520 1014 617 1050 pura
640 1001 767 1037 solum
786 1002 859 1037 sub
881 1006 999 1038 nocte
1023 1006 1236 1038 canentem

195 1063 428 1099 audieram?
457 1076 642 1099 numeros
662 1065 838 1108 memini,
860 1065 891 1099 si
911 1064 1030 1099 verba
1049 1068 1241 1100 tenerem.
1329 1068 1376 1100 45

197 1128 220 1144 “
235 1123 408 1172 Daphni,
429 1123 524 1172 quid
544 1127 727 1173 antiquos
749 1126 951 1172 signorum
972 1127 1136 1173 suspicis
1156 1126 1292 1161 ortus?

197 1197 289 1221 ecce
311 1184 481 1221 Dionaei
500 1188 693 1233 processit
714 1185 888 1221 Caesaris
908 1190 1070 1230 astrum,

196 1252 358 1291 astrum,
379 1260 455 1296 quo
475 1252 634 1295 segetes
653 1247 878 1295 gauderent
898 1247 1077 1296 frugibus
1098 1252 1140 1284 et
1158 1260 1236 1297 quo

196 1312 363 1344 duceret
381 1310 523 1356 apricis
543 1311 581 1343 in
604 1308 768 1345 collibus
787 1322 861 1344 uva
880 1308 1061 1345 colorem.
1329 1314 1377 1351 49

196 1372 339 1414 insere,
362 1369 534 1418 Daphni,
555 1372 682 1418 pi1·os;
711 1375 877 1419 carpent
897 1375 965 1406 tua
984 1383 1099 1419 poma
1121 1370 1328 1419 nepotes.’'

718 1488 860 1512 MOERIS

199 1545 343 1581 Omnia
363 1544 441 1581 fert
460 1550 582 1589 aetas,
603 1548 778 1581 animum
798 1558 979 1595 quoque3
1008 1558 1126 1594 saepe
1147 1558 1220 1595 ego
1239 1545 1376 1595 longos

198 1607 396 1643 cantando
416 1620 583 1655 puerum
603 1610 766 1643 memini
786 1621 850 1644 me
871 1607 1042 1643 condere
1064 1607 1187 1644 soles:

197 1680 304 1703 nunc
324 1668 446 1704 oblita
466 1669 563 1704 mihi
583 1673 646 1704 tot
665 1671 837 1704 carmina
854 1682 861 1704 z
891 1681 964 1704 vox
985 1681 1143 1718 quoque
1163 1669 1332 1705 Moerim

197 1731 274 1764 iam
296 1729 400 1778 fugit
419 1733 525 1778 ipsa3
555 1730 638 1779 lupi
665 1731 830 1767 Moerim
850 1731 984 1766 videre
1006 1733 1164 1778 priores.

199 1790 267 1826 sed
289 1795 425 1827 tamen
445 1794 519 1827 ista
539 1795 634 1828 satis
654 1791 802 1828 referet
822 1792 894 1828 'cibi
917 1805 1035 1840 saepe
1057 1791 1271 1827 Menalcas.
1328 1795 1374 1827 55

373 1896 402 1915 ³⁵
432 1898 516 1929 Varo
535 1899 581 1933 Μ,
601 1899 707 1929 Berne
724 1897 866 1934 Scholia,
885 1899 997 1929 known
1016 1903 1045 1929 to
1062 1898 1204 1930 Servius.

392 1939 473 1958 ‘¹⁶⁴⁰
498 1941 649 1980 assiyned
666 1946 695 1971 to
713 1942 836 1973 Moeris
852 1941 891 1983 by
911 1942 1017 1979 MSS„
1037 1946 1141 1981 except
1159 1940 1228 1980 My.

199 2001 248 2040 68
