1430 2335
686 70 881 108 VIRGIL

194 152 345 186 inserat
363 152 431 183 aut
451 146 652 183 scrobibus
671 147 838 183 mandet
856 151 1009 183 mutata
1028 147 1214 194 subactis,
1322 153 1371 186 50

197 204 381 239 exuerint
401 200 624 236 silvestrem
644 202 835 245 animum,
856 200 1046 250 cultuque
1066 201 1266 251 frequenti

195 258 236 291 in
251 266 521 304 quascumque
539 253 646 289 voles
664 256 760 289 artis
780 253 886 289 haud
907 254 1019 290 tarda
1038 260 1265 304 sequentur.

195 321 270 346 nec
291 320 370 343 non
391 312 433 343 et
453 306 598 343 sterilis
617 319 719 356 quae
738 307 925 356 stirpibus
945 310 1028 344 exit
1048 309 1097 344 ab
1116 310 1218 354 imis,

196 361 272 397 hoc
292 361 423 405 faciat,
443 373 584 396 vacuos
604 363 635 396 si
651 363 703 396 sit
722 359 877 408 digesta
895 373 967 409 per
984 373 1100 409 agros
1117 374 1127 398 :

195 427 302 451 nunc
320 413 425 450 altae
443 412 605 450 frondes
625 418 667 449 et
684 417 782 449 rami
801 416 936 450 matris
954 420 1123 463 opacant
1323 420 1370 452 55

198 469 475 516 crescentique
495 466 678 503 adimunt
697 467 801 503 fetus
822 472 1020 516 uruntque
1041 467 1252 506 ferentem.

196 523 275 558 iam
294 533 395 571 quae
410 521 626 556 seminibus
645 522 758 556 iactis
777 532 818 556 se
838 521 999 557 sustulit
1017 521 1144 566 arbos,

195 574 310 612 tarda
329 576 453 619 venit,
472 575 567 609 seris
586 572 738 609 factura
756 574 970 622 nepotibus
987 575 1179 621 umbram,

197 639 392 678 pomaque
412 626 660 675 degenerant
679 639 792 663 sucos
811 627 934 663 oblita
953 630 1103 676 priores

198 686 240 718 et
254 683 380 729 turpis
399 681 534 716 avibus
554 679 742 728 praedam
763 679 842 716 fert
861 693 936 716 uva
955 693 1140 718 racemos.
1323 681 1373 718 60

250 734 411 771 Scilicet
429 733 611 769 omuibus
631 738 692 770 est
711 733 820 769 labor
838 734 1130 783 impendendus
1150 740 1191 771 et
1211 738 1349 772 omnes

197 787 404 836 cogendae
424 789 465 822 in
485 786 636 823 sulcum
651 800 696 822 ac
718 787 845 823 multa
864 787 1049 824 mercede
1069 787 1303 826 domandae.

197 841 268 878 sed
288 843 438 877 truncis
457 840 569 877 oleae
589 840 744 885 melius,
764 843 981 889 propagine
1000 845 1102 878 vites

197 892 458 943 respondent,
479 893 606 929 solido
627 893 799 943 Paphiae
819 894 869 930 de
889 894 1030 931 robore
1051 900 1226 943 myrtus3

197 947 344 997 plantis
364 952 407 983 et
425 946 545 982 durae
567 947 688 996 coryli
707 952 925 983 nascuntur
945 953 986 984 et
1006 951 1148 996 ingens
1326 946 1373 984 65

197 1001 373 1037 fraxinus
393 999 703 1049 Herculeaeque
724 1001 839 1037 arbos
862 1002 1043 1037 umbrosa
1063 1014 1243 1046 coronae,

198 1054 443 1103 Chaoniique
463 1056 585 1102 patris
604 1054 796 1102 glandes;
827 1057 948 1091 etiam
968 1054 1091 1090 ardua
1111 1055 1241 1104 palma

198 1110 373 1143 nascitur
392 1112 433 1143 et
453 1119 563 1143 casus
582 1108 689 1142 abies
710 1109 835 1143 visura
859 1111 1040 1148 marinos,

197 1163 385 1197 inseritur
403 1172 496 1196 vero
517 1165 559 1196 et
579 1159 663 1196 fetu
684 1163 795 1197 nucis
815 1162 978 1197 arbutus
1000 1161 1170 1207 horrida,

198 1220 242 1251 et
260 1214 415 1250 steriles
434 1213 586 1262 platani
605 1213 728 1249 malos
747 1227 906 1263 gessere
926 1215 1096 1251 valentis
1114 1227 1123 1259 ;
1327 1217 1377 1253 ΤΟ

198 1273 406 1304 castaneae
427 1267 553 1315 sagus,
573 1280 772 1316 ornusque
792 1270 972 1304 incanuit
990 1268 1080 1304 albo

198 1321 292 1357 flore
308 1322 396 1369 piri,
415 1319 684 1370 glandemque
703 1333 793 1357 sues
811 1320 969 1370 fregere
988 1322 1061 1357 sub
1082 1321 1207 1358 ulmis.

252 1374 337 1410 Nec
353 1373 493 1410 modus
508 1377 681 1410 inserere
696 1379 816 1424 atque
836 1375 969 1411 oculos
982 1377 1185 1423 imponere
1199 1375 1377 1425 simplex.

198 1441 290 1463 nam
305 1440 382 1477 qua
401 1440 442 1463 se
461 1427 594 1463 medio
613 1427 783 1464 trudunt
803 1428 852 1464 de
873 1431 1019 1465 cortice
1039 1441 1221 1477 gemmae

199 1486 242 1517 et
261 1483 394 1517 tenuis
414 1486 604 1529 rumpunt
624 1484 792 1526 tunicas,
811 1487 1002 1531 augustus
1022 1485 1062 1517 in
1082 1484 1167 1530 ipso
1331 1484 1378 1521 75

198 1534 242 1571 fit
261 1534 366 1570 nodo
387 1536 492 1570 sinus
510 1547 519 1578 ;
545 1533 621 1570 huc
641 1534 772 1570 aliena
792 1548 841 1571 ex
859 1535 998 1572 arbore
1017 1548 1184 1583 germen

197 1587 410 1624 includunt
421 1586 579 1636 udoque
598 1587 746 1624 docent
770 1588 990 1625 inolescere
1006 1588 1115 1624 libro.

197 1646 267 1677 aut
286 1653 440 1677 rursum
461 1640 610 1677 enodes
630 1644 761 1677 trunci
780 1647 1012 1677 resecantur
1027 1647 1069 1678 et
1087 1642 1170 1678 alte

198 1693 363 1730 finditur
382 1696 421 1729 in
442 1693 611 1730 solidum
632 1697 767 1730 cuneis
788 1697 861 1740 via,
882 1695 1028 1731 deinde
1050 1695 1202 1731 feraces

198 1747 358 1796 plantae
377 1750 672 1784 immittuntur:
701 1761 775 1784 nec
794 1748 958 1797 longum
982 1753 1156 1797 tempus,
1175 1753 1216 1784 et
1241 1751 1382 1797 iugens

242 1809 272 1828 ⁵4
288 1810 391 1841 faciet
408 1808 477 1841 M2.
524 1808 555 1829 ⁶⁵
573 1810 696 1841 edurae
711 1811 826 1841 known
843 1815 872 1841 to
888 1811 1021 1842 Servius
1037 1811 1106 1842 and
1120 1811 1226 1842 Berne
1242 1812 1380 1844 Scholia.

198 1895 217 1926 λ
241 1851 271 1870 ⁶⁹
290 1855 339 1925 etc
352 1853 614 1926 ngcis'arbntus
638 1854 779 1885 horrida
803 1855 877 1884 fetu
904 1853 984 1885 M2:
1009 1855 1150 1886 horrens
1169 1854 1230 1894 for
1246 1855 1382 1886 horrida

213 1906 312 1925 -ηοωη
341 1906 358 1925 o
399 1905 517 1927 eri-ms,

196 1937 596 2012 3⁷1fa³}u{g?ri⁸⁶ian³
622 1940 720 1978 fagos
752 1939 862 1980 Μγαὸ,
885 1937 1031 1971 Servius.
1099 1939 1184 1970 Both
1211 1939 1324 1971 lcnozcn
1351 1944 1382 1971 to

229 1991 302 2012 ern&
326 1999 331 2008 ι
350 1991 364 2010 C
388 1990 405 2010 Ο
421 1991 466 2012 ζα.

201 2040 274 2072 120
