1430 2335
672 95 868 132 VIRGIL

177 171 230 204 sic
249 168 349 205 adeo
369 170 517 205 insistit
538 181 753 218 secumque
773 171 829 205 ita
849 168 967 205 corde
988 167 1163 205 volutat:

176 234 201 250 ‘¹
216 243 279 275 en,
300 229 395 279 quid
413 243 488 279 ago
504 231 518 265 ?
575 243 758 266 rursusne
777 243 915 279 procos
933 232 1051 266 inrisa
1073 233 1222 279 priores

176 294 368 340 experiar,
390 291 695 341 Nomadumque
715 297 850 340 petam
869 292 1037 328 conubia
1056 290 1236 340 suppleri,
1279 294 1353 327 535

176 366 272 402 quos
292 365 367 402 ego
386 355 459 389 sim
478 356 626 389 totiens
645 355 722 388 iam
743 352 962 402 dedignata
980 355 1140 388 maritos
1157 353 1171 388 ?

177 413 315 451 Iliacas
333 416 455 464 igitur
474 414 605 451 classis
624 419 745 464 atque
764 414 904 450 ultima
922 413 1118 451 Teucrum

174 477 279 512 iussa
296 477 467 525 sequar?
522 479 666 525 quiane
687 475 833 511 auxilio
852 478 961 511 iuvat
979 480 1073 512 ante
1092 475 1244 511 levatos

175 542 218 573 et
236 537 341 574 bene
361 537 466 586 apud
487 550 682 573 memores
702 540 848 574 veteris
868 541 948 573 stat
968 539 1094 585 gratia
1113 536 1208 572 facti
1225 538 1239 572 ?

175 601 263 647 quis
281 612 346 636 me
365 604 514 642 autem,
527 598 589 635 fac
608 598 724 644 velle,
738 601 843 635 sinet
858 598 1057 634 ratibusve
1077 598 1256 646 superbis
1278 602 1353 634 540

174 662 338 696 invisam
358 661 557 709 accipiet?
613 663 754 705 nescis,
773 659 850 697 heu
868 660 875 696 1
905 659 1075 709 perdita,
1095 660 1266 695 necdum

174 721 497 759 Laomedonteae
517 725 641 758 sentis
661 724 831 771 periuria
849 723 982 770 gentis
999 721 1014 757 ?

174 783 269 833 quid
289 784 403 820 tum?
449 783 531 820 sola
551 783 645 833 fuga
665 788 806 820 nautas
825 783 1043 819 comitabor
1062 784 1217 819 ovantis
1236 784 1250 818 ?

173 858 222 880 an
244 844 371 894 Tyriis
390 847 576 895 omnique
596 858 715 881 manu
735 847 882 894 stipata
900 857 1078 881 meorum

173 906 321 943 inferar
340 912 395 952 et,
415 920 512 957 quos
532 906 693 944 Sidonia
712 909 775 942 vix
797 907 893 943 urbe
913 906 1064 951 revelli,
1278 909 1352 942 545

173 981 306 1004 rursus
324 981 438 1017 agam
458 968 600 1017 pelago
621 973 663 1004 et
683 970 813 1005 ventis
832 968 926 1004 dare
945 968 1033 1004 vela
1052 967 1197 1003 iubebo
1214 968 1228 1002 ?

173 1032 268 1078 quin
289 1042 454 1074 morere,
477 1035 520 1066 ut
539 1032 680 1066 merita
700 1042 753 1075 es,
775 1029 958 1078 ferroque
978 1033 1114 1065 averte
1133 1028 1322 1065 dolorem.

173 1096 217 1127 tu
240 1091 407 1127 lacrimis
432 1094 560 1127 evicta
580 1093 691 1136 meis,
711 1095 755 1126 tu
775 1093 901 1140 prima
922 1090 1122 1127 furentem

173 1152 247 1197 his,
267 1165 469 1201 germana,
489 1152 601 1189 malis
622 1165 760 1189 oneras
780 1157 901 1202 atque
921 1152 1042 1188 obicis
1061 1151 1177 1188 hosti.

172 1227 253 1250 non
272 1213 385 1250 licuit
405 1213 569 1250 thalami
590 1219 798 1262 expertem
819 1216 904 1250 sine
925 1215 1088 1249 crimine
1108 1215 1229 1248 vitam
1278 1216 1352 1248 550

173 1275 336 1325 degere,
356 1288 464 1312 more
484 1275 607 1321 ferae,
626 1275 717 1312 talis
736 1288 811 1312 nec
830 1280 997 1323 tangere
1018 1287 1128 1311 curas
1146 1287 1155 1318 ;

173 1351 254 1374 11011
274 1342 428 1374 servata
446 1337 544 1374 fides
563 1340 686 1373 cineri
706 1339 895 1386 promissa
915 1335 1131 1385 Sychaeo‚'’

173 1404 307 1436 tantos
326 1399 393 1434 illa
412 1412 482 1435 suo
502 1398 714 1447 rumpebat
732 1403 895 1447 pectore
915 1402 1089 1447 questus.

226 1463 383 1498 Aeneas
404 1460 508 1497 celsa
526 1463 566 1496 in
587 1462 724 1509 puppi,
742 1462 821 1496 iam
840 1464 971 1496 certus
992 1458 1125 1504 eundi,

173 1522 360 1571 carpebat
380 1534 551 1566 somnos,
570 1522 686 1557 rebus
706 1523 784 1556 iam
804 1522 879 1557 rite
899 1523 1056 1569 paratis.
1277 1533 1353 1556 mw

174 1583 266 1619 huic
285 1596 326 1620 se
347 1582 472 1619 forma
491 1583 554 1619 dei
577 1583 685 1618 voltu
706 1582 911 1619 redeuntis
931 1581 1071 1618 eodem
1277 1580 1352 1618 556

173 1644 321 1681 obtulit
340 1647 381 1680 in
401 1646 546 1680 somnis
566 1656 777 1693 rursusque
797 1646 853 1680 ita
875 1645 955 1679 visa
974 1655 1135 1679 monere
1157 1647 1230 1688 est,

173 1708 305 1742 omnia
326 1706 525 1742 Mercurio
545 1705 695 1748 similis,
717 1717 936 1753 vocemque
955 1703 1206 1753 coloremque

174 1772 216 1803 et
236 1770 354 1803 erinis
373 1767 492 1803 flavos
512 1771 554 1803 et
573 1766 750 1802 membra
769 1766 911 1802 decora
930 1767 1091 1801 iuventa
1109 1778 1116 1801 :

175 1832 198 1849 ‘⁵'
213 1833 308 1865 nate
328 1828 415 1873 dea,
436 1833 550 1877 potes
570 1827 644 1863 hoc
665 1827 736 1863 sub
756 1840 847 1863 casu
868 1826 1014 1863 ducere
1033 1839 1204 1871 somnos,
1275 1825 1350 1864 560

258 1890 302 1909 ⁵⁴⁰
326 1892 415 1922 sinat
430 1889 487 1922 ΡΙ.
880 1888 924 1908 ⁵⁴¹1
949 1889 1088 1920 inrisam
1107 1886 1172 1920 M².

260 1932 307 1953 ⁶⁶²
329 1935 471 1973 Sychaei
487 1934 547 1965 M.-
572 1933 753 1973 Sychaeies
766 1931 812 1964 Pl
828 1944 834 1964 :
853 1933 1004 1972 Sychaeo
1019 1930 1075 1971 P2,
1091 1932 1232 1965 Servius.

259 1976 302 1995 ⁵⁵⁹
328 1977 485 2007 iuventae
500 1977 539 2014 P,
555 1975 688 2007 Servius
699 1988 708 2007 .·
730 1977 872 2007 iuventa
888 1975 962 2006 FM.

175 2035 251 2067 432
