<?xml version="1.0" encoding="UTF-8"?>
<!DOCTYPE html PUBLIC "-//W3C//DTD XHTML 1.0 Transitional//EN"
    "http://www.w3.org/TR/xhtml1/DTD/xhtml1-transitional.dtd">
<html xmlns="http://www.w3.org/1999/xhtml" xml:lang="en" lang="en">
 <head>
  <title>
</title>
<meta http-equiv="Content-Type" content="text/html;charset=utf-8" />
  <meta name='ocr-system' content='tesseract 3.04.00' />
  <meta name='ocr-capabilities' content='ocr_page ocr_carea ocr_par ocr_line ocrx_word'/>
</head>
<body>
  <div class='ocr_page' id='page_1' title='image "./virgilwithenglis01virg_0126.png"; bbox 0 0 1430 2335; ppageno 0'>
   <div class='ocr_carea' id='block_1_1' title="bbox 663 95 856 136">
    <p class='ocr_par' dir='ltr' id='par_1_1' title="bbox 663 95 856 136">
     <span class='ocr_line' id='line_1_1' title="bbox 663 95 856 136; baseline 0.005 -1"><span class='ocrx_word' id='word_1_1' title='bbox 663 97 717 135; x_wconf 93' lang='lat' dir='ltr'><strong>VI</strong></span> <span class='ocrx_word' id='word_1_2' title='bbox 724 95 856 136; x_wconf 89' lang='lat' dir='ltr'>RGIL</span> 
     </span>
    </p>
   </div>
   <div class='ocr_carea' id='block_1_2' title="bbox 169 173 1352 1766">
    <p class='ocr_par' dir='ltr' id='par_1_2' title="bbox 169 173 1352 1766">
     <span class='ocr_line' id='line_1_2' title="bbox 169 173 984 223; baseline 0.001 -13"><span class='ocrx_word' id='word_1_3' title='bbox 169 187 286 223; x_wconf 83' lang='lat' dir='ltr'><strong>saepe</strong></span> <span class='ocrx_word' id='word_1_4' title='bbox 306 174 393 211; x_wconf 84' lang='lat' dir='ltr'><strong>oleo</strong></span> <span class='ocrx_word' id='word_1_5' title='bbox 413 173 514 210; x_wconf 86' lang='lat' dir='ltr'><strong>tardi</strong></span> <span class='ocrx_word' id='word_1_6' title='bbox 535 177 663 210; x_wconf 83' lang='lat' dir='ltr'><strong>costas</strong></span> <span class='ocrx_word' id='word_1_7' title='bbox 683 176 856 223; x_wconf 79' lang='lat' dir='ltr'>agitator</span> <span class='ocrx_word' id='word_1_8' title='bbox 873 174 984 211; x_wconf 85' lang='lat' dir='ltr'>aselli</span> 
     </span>
     <span class='ocr_line' id='line_1_3' title="bbox 170 227 1216 277; baseline 0.003 -15"><span class='ocrx_word' id='word_1_9' title='bbox 170 228 310 264; x_wconf 84' lang='lat' dir='ltr'><strong>vilibus</strong></span> <span class='ocrx_word' id='word_1_10' title='bbox 331 233 401 263; x_wconf 83' lang='lat' dir='ltr'><strong>aut</strong></span> <span class='ocrx_word' id='word_1_11' title='bbox 419 232 558 263; x_wconf 77' lang='lat' dir='ltr'><strong>onerat</strong></span> <span class='ocrx_word' id='word_1_12' title='bbox 578 229 717 275; x_wconf 85' lang='lat' dir='ltr'><strong>pomis,</strong></span> <span class='ocrx_word' id='word_1_13' title='bbox 737 227 990 277; x_wconf 79' lang='lat' dir='ltr'>lapidemque</span> <span class='ocrx_word' id='word_1_14' title='bbox 1012 233 1216 265; x_wconf 80' lang='lat' dir='ltr'><strong>revertens</strong></span> 
     </span>
     <span class='ocr_line' id='line_1_4' title="bbox 169 282 1342 330; baseline 0.001 -14"><span class='ocrx_word' id='word_1_15' title='bbox 169 284 348 317; x_wconf 87' lang='lat' dir='ltr'><strong>incusum</strong></span> <span class='ocrx_word' id='word_1_16' title='bbox 367 285 437 316; x_wconf 88' lang='lat' dir='ltr'><strong>aut</strong></span> <span class='ocrx_word' id='word_1_17' title='bbox 455 285 564 317; x_wconf 79' lang='lat' dir='ltr'><strong>atrae</strong></span> <span class='ocrx_word' id='word_1_18' title='bbox 584 293 750 316; x_wconf 81' lang='lat' dir='ltr'>massam</span> <span class='ocrx_word' id='word_1_19' title='bbox 770 283 866 329; x_wconf 83' lang='lat' dir='ltr'>picis</span> <span class='ocrx_word' id='word_1_20' title='bbox 889 282 984 317; x_wconf 88' lang='lat' dir='ltr'><strong>urbe</strong></span> <span class='ocrx_word' id='word_1_21' title='bbox 1004 287 1193 330; x_wconf 83' lang='lat' dir='ltr'><strong>reportat.</strong></span> <span class='ocrx_word' id='word_1_22' title='bbox 1268 282 1342 318; x_wconf 72' lang='lat'><strong>275</strong></span> 
     </span>
     <span class='ocr_line' id='line_1_5' title="bbox 224 333 1052 382; baseline 0.001 -13"><span class='ocrx_word' id='word_1_23' title='bbox 224 334 313 382; x_wconf 88' lang='lat' dir='ltr'><strong>Ipsa</strong></span> <span class='ocrx_word' id='word_1_24' title='bbox 332 333 418 370; x_wconf 87' lang='lat' dir='ltr'><strong>dies</strong></span> <span class='ocrx_word' id='word_1_25' title='bbox 436 333 532 369; x_wconf 84' lang='lat' dir='ltr'><strong>alios</strong></span> <span class='ocrx_word' id='word_1_26' title='bbox 551 333 628 369; x_wconf 88' lang='lat' dir='ltr'><strong>alio</strong></span> <span class='ocrx_word' id='word_1_27' title='bbox 648 333 762 370; x_wconf 73' lang='lat' dir='ltr'><strong>dedit</strong></span> <span class='ocrx_word' id='word_1_28' title='bbox 781 334 919 369; x_wconf 82' lang='lat' dir='ltr'><strong>ordine</strong></span> <span class='ocrx_word' id='word_1_29' title='bbox 940 333 1052 370; x_wconf 84' lang='lat' dir='ltr'><strong>Luna</strong></span> 
     </span>
     <span class='ocr_line' id='line_1_6' title="bbox 171 386 1191 436; baseline 0.001 -14"><span class='ocrx_word' id='word_1_30' title='bbox 171 387 298 423; x_wconf 81' lang='lat' dir='ltr'><strong>felicis</strong></span> <span class='ocrx_word' id='word_1_31' title='bbox 318 400 496 435; x_wconf 83' lang='lat' dir='ltr'><strong>operum.</strong></span> <span class='ocrx_word' id='word_1_32' title='bbox 526 389 706 435; x_wconf 79' lang='lat' dir='ltr'>quintam</span> <span class='ocrx_word' id='word_1_33' title='bbox 728 386 846 436; x_wconf 85' lang='lat' dir='ltr'><strong>suge:</strong></span> <span class='ocrx_word' id='word_1_34' title='bbox 874 386 1044 435; x_wconf 89' lang='lat' dir='ltr'><strong>pallidus</strong></span> <span class='ocrx_word' id='word_1_35' title='bbox 1065 386 1191 424; x_wconf 90' lang='lat' dir='ltr'><strong>Orcus</strong></span> 
     </span>
     <span class='ocr_line' id='line_1_7' title="bbox 172 440 1239 488; baseline 0.001 -13"><span class='ocrx_word' id='word_1_36' title='bbox 172 440 496 488; x_wconf 84' lang='lat' dir='ltr'><strong>Eumenidesque</strong></span> <span class='ocrx_word' id='word_1_37' title='bbox 517 445 650 482; x_wconf 86' lang='lat' dir='ltr'><strong>satae;</strong></span> <span class='ocrx_word' id='word_1_38' title='bbox 680 444 765 475; x_wconf 84' lang='lat' dir='ltr'><strong>tum</strong></span> <span class='ocrx_word' id='word_1_39' title='bbox 788 444 902 488; x_wconf 87' lang='lat' dir='ltr'><strong>partu</strong></span> <span class='ocrx_word' id='word_1_40' title='bbox 922 440 1045 476; x_wconf 77' lang='lat' dir='ltr'><strong>Terra</strong></span> <span class='ocrx_word' id='word_1_41' title='bbox 1063 440 1239 476; x_wconf 76' lang='lat' dir='ltr'><strong>nefando</strong></span> 
     </span>
     <span class='ocr_line' id='line_1_8' title="bbox 172 493 1279 542; baseline -0.001 -13"><span class='ocrx_word' id='word_1_42' title='bbox 172 494 399 542; x_wconf 84' lang='lat' dir='ltr'><strong>Coeumque</strong></span> <span class='ocrx_word' id='word_1_43' title='bbox 420 493 683 542; x_wconf 72' lang='lat' dir='ltr'><strong>Iapetumque</strong></span> <span class='ocrx_word' id='word_1_44' title='bbox 703 498 812 528; x_wconf 87' lang='lat' dir='ltr'><strong>creat</strong></span> <span class='ocrx_word' id='word_1_45' title='bbox 831 505 1070 542; x_wconf 87' lang='lat' dir='ltr'><strong>saevumque</strong></span> <span class='ocrx_word' id='word_1_46' title='bbox 1090 493 1279 542; x_wconf 82' lang='lat' dir='ltr'><strong>Typhoea</strong></span> 
     </span>
     <span class='ocr_line' id='line_1_9' title="bbox 172 545 1346 583; baseline -0.001 0"><span class='ocrx_word' id='word_1_47' title='bbox 172 551 214 583; x_wconf 84' lang='lat' dir='ltr'><strong>et</strong></span> <span class='ocrx_word' id='word_1_48' title='bbox 232 549 455 582; x_wconf 88' lang='lat' dir='ltr'><strong>coniuratos</strong></span> <span class='ocrx_word' id='word_1_49' title='bbox 474 546 626 582; x_wconf 88' lang='lat' dir='ltr'><strong>caelum</strong></span> <span class='ocrx_word' id='word_1_50' title='bbox 647 546 875 583; x_wconf 85' lang='lat' dir='ltr'><strong>rescindere</strong></span> <span class='ocrx_word' id='word_1_51' title='bbox 892 545 1046 583; x_wconf 84' lang='lat' dir='ltr'><strong>fratres.</strong></span> <span class='ocrx_word' id='word_1_52' title='bbox 1271 551 1346 583; x_wconf 68' lang='lat'><strong>980</strong></span> 
     </span>
     <span class='ocr_line' id='line_1_10' title="bbox 171 598 1345 648; baseline -0.001 -12"><span class='ocrx_word' id='word_1_53' title='bbox 171 605 234 636; x_wconf 87' lang='lat' dir='ltr'><strong>ter</strong></span> <span class='ocrx_word' id='word_1_54' title='bbox 253 605 347 636; x_wconf 88' lang='lat' dir='ltr'><strong>sunt</strong></span> <span class='ocrx_word' id='word_1_55' title='bbox 365 601 497 636; x_wconf 90' lang='lat' dir='ltr'><strong>conati</strong></span> <span class='ocrx_word' id='word_1_56' title='bbox 517 602 722 648; x_wconf 82' lang='lat' dir='ltr'><strong>imponere</strong></span> <span class='ocrx_word' id='word_1_57' title='bbox 744 598 852 635; x_wconf 86' lang='lat' dir='ltr'><strong>Pelio</strong></span> <span class='ocrx_word' id='word_1_58' title='bbox 873 599 1013 636; x_wconf 82' lang='lat' dir='ltr'><strong>Ossam</strong></span> <span class='ocrx_word' id='word_1_59' title='bbox 1268 612 1345 636; x_wconf 76' lang='lat' dir='ltr'><strong>MPR</strong></span> 
     </span>
     <span class='ocr_line' id='line_1_11' title="bbox 172 652 1346 703; baseline 0 -14"><span class='ocrx_word' id='word_1_60' title='bbox 172 653 335 698; x_wconf 82' lang='lat' dir='ltr'><strong>scilicet,</strong></span> <span class='ocrx_word' id='word_1_61' title='bbox 347 658 469 702; x_wconf 86' lang='lat' dir='ltr'><strong>atque</strong></span> <span class='ocrx_word' id='word_1_62' title='bbox 489 652 612 689; x_wconf 82' lang='lat' dir='ltr'><strong>Ossae</strong></span> <span class='ocrx_word' id='word_1_63' title='bbox 634 652 862 688; x_wconf 85' lang='lat' dir='ltr'><strong>frondosum</strong></span> <span class='ocrx_word' id='word_1_64' title='bbox 884 653 1085 689; x_wconf 87' lang='lat' dir='ltr'><strong>involvere</strong></span> <span class='ocrx_word' id='word_1_65' title='bbox 1106 653 1346 703; x_wconf 78' lang='lat' dir='ltr'><strong>Olympum3</strong></span> 
     </span>
     <span class='ocr_line' id='line_1_12' title="bbox 172 705 1145 755; baseline 0 -13"><span class='ocrx_word' id='word_1_66' title='bbox 172 712 234 743; x_wconf 87' lang='lat' dir='ltr'><strong>ter</strong></span> <span class='ocrx_word' id='word_1_67' title='bbox 253 711 368 755; x_wconf 86' lang='lat' dir='ltr'><strong>pater</strong></span> <span class='ocrx_word' id='word_1_68' title='bbox 387 711 609 743; x_wconf 85' lang='lat' dir='ltr'><strong>exstructos</strong></span> <span class='ocrx_word' id='word_1_69' title='bbox 628 705 786 742; x_wconf 88' lang='lat' dir='ltr'><strong>disiecit</strong></span> <span class='ocrx_word' id='word_1_70' title='bbox 804 705 970 742; x_wconf 87' lang='lat' dir='ltr'><strong>fulmine</strong></span> <span class='ocrx_word' id='word_1_71' title='bbox 988 709 1145 742; x_wconf 89' lang='lat' dir='ltr'><strong>montis.</strong></span> 
     </span>
     <span class='ocr_line' id='line_1_13' title="bbox 173 758 1160 808; baseline 0 -13"><span class='ocrx_word' id='word_1_72' title='bbox 173 763 343 808; x_wconf 86' lang='lat' dir='ltr'><strong>septima</strong></span> <span class='ocrx_word' id='word_1_73' title='bbox 361 765 452 808; x_wconf 89' lang='lat' dir='ltr'><strong>post</strong></span> <span class='ocrx_word' id='word_1_74' title='bbox 471 759 667 795; x_wconf 83' lang='lat' dir='ltr'><strong>decimam</strong></span> <span class='ocrx_word' id='word_1_75' title='bbox 687 758 785 795; x_wconf 82' lang='lat' dir='ltr'><strong>felix</strong></span> <span class='ocrx_word' id='word_1_76' title='bbox 804 764 847 795; x_wconf 90' lang='lat' dir='ltr'><strong>et</strong></span> <span class='ocrx_word' id='word_1_77' title='bbox 866 772 1015 807; x_wconf 87' lang='lat' dir='ltr'><strong>ponere</strong></span> <span class='ocrx_word' id='word_1_78' title='bbox 1037 762 1160 796; x_wconf 89' lang='lat' dir='ltr'><strong>vitem</strong></span> 
     </span>
     <span class='ocr_line' id='line_1_14' title="bbox 173 811 1347 861; baseline -0.001 -12"><span class='ocrx_word' id='word_1_79' title='bbox 173 817 215 849; x_wconf 88' lang='lat' dir='ltr'><strong>et</strong></span> <span class='ocrx_word' id='word_1_80' title='bbox 234 826 395 861; x_wconf 85' lang='lat' dir='ltr'><strong>prensos</strong></span> <span class='ocrx_word' id='word_1_81' title='bbox 415 813 608 849; x_wconf 91' lang='lat' dir='ltr'><strong>domitare</strong></span> <span class='ocrx_word' id='word_1_82' title='bbox 629 813 747 848; x_wconf 86' lang='lat' dir='ltr'><strong>boves</strong></span> <span class='ocrx_word' id='word_1_83' title='bbox 767 817 808 848; x_wconf 89' lang='lat' dir='ltr'><strong>et</strong></span> <span class='ocrx_word' id='word_1_84' title='bbox 826 811 917 847; x_wconf 88' lang='lat' dir='ltr'><strong>licia</strong></span> <span class='ocrx_word' id='word_1_85' title='bbox 934 812 1040 849; x_wconf 84' lang='lat' dir='ltr'><strong>telae</strong></span> <span class='ocrx_word' id='word_1_86' title='bbox 1273 817 1347 849; x_wconf 70' lang='lat'><strong>235</strong></span> 
     </span>
     <span class='ocr_line' id='line_1_15' title="bbox 173 865 1134 914; baseline 0.001 -13"><span class='ocrx_word' id='word_1_87' title='bbox 173 866 331 902; x_wconf 80' lang='lat' dir='ltr'><strong>addere.</strong></span> <span class='ocrx_word' id='word_1_88' title='bbox 363 879 467 902; x_wconf 85' lang='lat' dir='ltr'><strong>nona</strong></span> <span class='ocrx_word' id='word_1_89' title='bbox 486 866 604 914; x_wconf 82' lang='lat' dir='ltr'><strong>fugae</strong></span> <span class='ocrx_word' id='word_1_90' title='bbox 621 865 772 911; x_wconf 84' lang='lat' dir='ltr'><strong>melior,</strong></span> <span class='ocrx_word' id='word_1_91' title='bbox 793 868 989 901; x_wconf 86' lang='lat' dir='ltr'><strong>contraria</strong></span> <span class='ocrx_word' id='word_1_92' title='bbox 1008 865 1134 902; x_wconf 86' lang='lat' dir='ltr'><strong>furtis.</strong></span> 
     </span>
     <span class='ocr_line' id='line_1_16' title="bbox 227 918 1171 968; baseline 0.001 -13"><span class='ocrx_word' id='word_1_93' title='bbox 227 919 356 955; x_wconf 82' lang='lat' dir='ltr'><strong>Multa</strong></span> <span class='ocrx_word' id='word_1_94' title='bbox 375 919 475 955; x_wconf 85' lang='lat' dir='ltr'><strong>adeo</strong></span> <span class='ocrx_word' id='word_1_95' title='bbox 495 918 628 968; x_wconf 88' lang='lat' dir='ltr'><strong>gelida</strong></span> <span class='ocrx_word' id='word_1_96' title='bbox 646 918 788 955; x_wconf 88' lang='lat' dir='ltr'><strong>melius</strong></span> <span class='ocrx_word' id='word_1_97' title='bbox 808 931 849 955; x_wconf 93' lang='lat' dir='ltr'><strong>se</strong></span> <span class='ocrx_word' id='word_1_98' title='bbox 869 923 990 956; x_wconf 88' lang='lat' dir='ltr'><strong>nocte</strong></span> <span class='ocrx_word' id='word_1_99' title='bbox 1011 919 1171 964; x_wconf 86' lang='lat' dir='ltr'><strong>dedere,</strong></span> 
     </span>
     <span class='ocr_line' id='line_1_17' title="bbox 173 972 1027 1009; baseline 0.001 -2"><span class='ocrx_word' id='word_1_100' title='bbox 173 978 242 1009; x_wconf 74' lang='lat' dir='ltr'><strong>aut</strong></span> <span class='ocrx_word' id='word_1_101' title='bbox 262 985 351 1008; x_wconf 91' lang='lat' dir='ltr'><strong>cum</strong></span> <span class='ocrx_word' id='word_1_102' title='bbox 370 972 453 1009; x_wconf 89' lang='lat' dir='ltr'><strong>sole</strong></span> <span class='ocrx_word' id='word_1_103' title='bbox 473 985 575 1008; x_wconf 90' lang='lat' dir='ltr'><strong>novo</strong></span> <span class='ocrx_word' id='word_1_104' title='bbox 596 977 720 1008; x_wconf 86' lang='lat' dir='ltr'><strong>terras</strong></span> <span class='ocrx_word' id='word_1_105' title='bbox 740 974 893 1008; x_wconf 81' lang='lat' dir='ltr'><strong>inrorat</strong></span> <span class='ocrx_word' id='word_1_106' title='bbox 913 972 1027 1008; x_wconf 85' lang='lat' dir='ltr'><strong>Eous.</strong></span> 
     </span>
     <span class='ocr_line' id='line_1_18' title="bbox 173 1024 1191 1074; baseline 0.001 -13"><span class='ocrx_word' id='word_1_107' title='bbox 173 1031 293 1062; x_wconf 90' lang='lat' dir='ltr'><strong>nocte</strong></span> <span class='ocrx_word' id='word_1_108' title='bbox 313 1026 420 1062; x_wconf 89' lang='lat' dir='ltr'><strong>leves</strong></span> <span class='ocrx_word' id='word_1_109' title='bbox 440 1026 581 1061; x_wconf 85' lang='lat' dir='ltr'><strong>melius</strong></span> <span class='ocrx_word' id='word_1_110' title='bbox 602 1024 788 1073; x_wconf 79' lang='lat' dir='ltr'><strong>stipulae,</strong></span> <span class='ocrx_word' id='word_1_111' title='bbox 809 1030 928 1061; x_wconf 87' lang='lat' dir='ltr'><strong>nocte</strong></span> <span class='ocrx_word' id='word_1_112' title='bbox 949 1026 1058 1061; x_wconf 82' lang='lat' dir='ltr'><strong>arida</strong></span> <span class='ocrx_word' id='word_1_113' title='bbox 1078 1031 1191 1074; x_wconf 82' lang='lat' dir='ltr'><strong>prata</strong></span> 
     </span>
     <span class='ocr_line' id='line_1_19' title="bbox 174 1078 1350 1124; baseline -0.001 -9"><span class='ocrx_word' id='word_1_114' title='bbox 174 1079 404 1124; x_wconf 84' lang='lat' dir='ltr'><strong>tondentur,</strong></span> <span class='ocrx_word' id='word_1_115' title='bbox 424 1084 562 1115; x_wconf 90' lang='lat' dir='ltr'><strong>noctes</strong></span> <span class='ocrx_word' id='word_1_116' title='bbox 582 1079 716 1115; x_wconf 89' lang='lat' dir='ltr'><strong>lentus</strong></span> <span class='ocrx_word' id='word_1_117' title='bbox 736 1091 815 1114; x_wconf 93' lang='lat' dir='ltr'><strong>non</strong></span> <span class='ocrx_word' id='word_1_118' title='bbox 835 1078 969 1114; x_wconf 83' lang='lat' dir='ltr'><strong>deficit</strong></span> <span class='ocrx_word' id='word_1_119' title='bbox 990 1092 1110 1115; x_wconf 89' lang='lat' dir='ltr'><strong>umor.</strong></span> <span class='ocrx_word' id='word_1_120' title='bbox 1274 1083 1350 1120; x_wconf 71' lang='lat'><strong>290</strong></span> 
     </span>
     <span class='ocr_line' id='line_1_20' title="bbox 174 1131 1078 1181; baseline 0 -13"><span class='ocrx_word' id='word_1_121' title='bbox 174 1137 216 1168; x_wconf 90' lang='lat' dir='ltr'><strong>et</strong></span> <span class='ocrx_word' id='word_1_122' title='bbox 236 1133 396 1181; x_wconf 83' lang='lat' dir='ltr'><strong>quidam</strong></span> <span class='ocrx_word' id='word_1_123' title='bbox 416 1145 521 1168; x_wconf 88' lang='lat' dir='ltr'><strong>seros</strong></span> <span class='ocrx_word' id='word_1_124' title='bbox 541 1132 698 1168; x_wconf 86' lang='lat' dir='ltr'><strong>hiberni</strong></span> <span class='ocrx_word' id='word_1_125' title='bbox 717 1131 767 1167; x_wconf 85' lang='lat' dir='ltr'><strong>ad</strong></span> <span class='ocrx_word' id='word_1_126' title='bbox 786 1132 945 1167; x_wconf 90' lang='lat' dir='ltr'><strong>luminis</strong></span> <span class='ocrx_word' id='word_1_127' title='bbox 965 1134 1078 1179; x_wconf 74' lang='lat' dir='ltr'><strong>ignes</strong></span> 
     </span>
     <span class='ocr_line' id='line_1_21' title="bbox 173 1184 1064 1234; baseline 0 -13"><span class='ocrx_word' id='word_1_128' title='bbox 173 1186 384 1234; x_wconf 83' lang='lat' dir='ltr'><strong>pervigilat</strong></span> <span class='ocrx_word' id='word_1_129' title='bbox 405 1185 586 1234; x_wconf 89' lang='lat' dir='ltr'><strong>ferroque</strong></span> <span class='ocrx_word' id='word_1_130' title='bbox 608 1184 713 1220; x_wconf 84' lang='lat' dir='ltr'><strong>faces</strong></span> <span class='ocrx_word' id='word_1_131' title='bbox 734 1187 903 1233; x_wconf 82' lang='lat' dir='ltr'><strong>inspicat</strong></span> <span class='ocrx_word' id='word_1_132' title='bbox 923 1190 1064 1229; x_wconf 80' lang='lat' dir='ltr'><strong>acuto3</strong></span> 
     </span>
     <span class='ocr_line' id='line_1_22' title="bbox 174 1237 984 1286; baseline -0.002 -11"><span class='ocrx_word' id='word_1_133' title='bbox 174 1242 327 1279; x_wconf 81' lang='lat' dir='ltr'><strong>interea</strong></span> <span class='ocrx_word' id='word_1_134' title='bbox 346 1239 508 1286; x_wconf 78' lang='lat' dir='ltr'><strong>longum</strong></span> <span class='ocrx_word' id='word_1_135' title='bbox 528 1242 645 1274; x_wconf 86' lang='lat' dir='ltr'><strong>cantu</strong></span> <span class='ocrx_word' id='word_1_136' title='bbox 665 1238 790 1274; x_wconf 85' lang='lat' dir='ltr'><strong>solata</strong></span> <span class='ocrx_word' id='word_1_137' title='bbox 808 1237 984 1274; x_wconf 86' lang='lat' dir='ltr'><strong>laborem</strong></span> 
     </span>
     <span class='ocr_line' id='line_1_23' title="bbox 173 1291 1036 1341; baseline -0.001 -14"><span class='ocrx_word' id='word_1_138' title='bbox 173 1297 313 1341; x_wconf 78' lang='lat' dir='ltr'><strong>arguto</strong></span> <span class='ocrx_word' id='word_1_139' title='bbox 334 1294 506 1327; x_wconf 86' lang='lat' dir='ltr'><strong>coniunx</strong></span> <span class='ocrx_word' id='word_1_140' title='bbox 526 1293 722 1340; x_wconf 87' lang='lat' dir='ltr'><strong>percurrit</strong></span> <span class='ocrx_word' id='word_1_141' title='bbox 742 1293 903 1339; x_wconf 85' lang='lat' dir='ltr'><strong>pectine</strong></span> <span class='ocrx_word' id='word_1_142' title='bbox 923 1291 1036 1335; x_wconf 87' lang='lat' dir='ltr'><strong>telas,</strong></span> 
     </span>
     <span class='ocr_line' id='line_1_24' title="bbox 173 1343 1352 1393; baseline 0 -13"><span class='ocrx_word' id='word_1_143' title='bbox 173 1350 242 1380; x_wconf 85' lang='lat' dir='ltr'><strong>aut</strong></span> <span class='ocrx_word' id='word_1_144' title='bbox 261 1344 387 1381; x_wconf 87' lang='lat' dir='ltr'><strong>dulcis</strong></span> <span class='ocrx_word' id='word_1_145' title='bbox 406 1347 526 1381; x_wconf 83' lang='lat' dir='ltr'><strong>inusti</strong></span> <span class='ocrx_word' id='word_1_146' title='bbox 549 1344 721 1380; x_wconf 82' lang='lat' dir='ltr'><strong>Volcano</strong></span> <span class='ocrx_word' id='word_1_147' title='bbox 740 1343 927 1393; x_wconf 88' lang='lat' dir='ltr'><strong>decoquit</strong></span> <span class='ocrx_word' id='word_1_148' title='bbox 947 1356 1124 1380; x_wconf 89' lang='lat' dir='ltr'><strong>umorem</strong></span> <span class='ocrx_word' id='word_1_149' title='bbox 1276 1347 1352 1385; x_wconf 73' lang='lat'><em>‘295</em></span> 
     </span>
     <span class='ocr_line' id='line_1_25' title="bbox 175 1397 1029 1447; baseline -0.001 -14"><span class='ocrx_word' id='word_1_150' title='bbox 175 1404 217 1434; x_wconf 86' lang='lat' dir='ltr'><strong>et</strong></span> <span class='ocrx_word' id='word_1_151' title='bbox 236 1398 340 1434; x_wconf 88' lang='lat' dir='ltr'><strong>foliis</strong></span> <span class='ocrx_word' id='word_1_152' title='bbox 361 1398 507 1434; x_wconf 88' lang='lat' dir='ltr'><strong>undam</strong></span> <span class='ocrx_word' id='word_1_153' title='bbox 527 1397 675 1447; x_wconf 86' lang='lat' dir='ltr'><strong>trepidi</strong></span> <span class='ocrx_word' id='word_1_154' title='bbox 697 1398 910 1446; x_wconf 84' lang='lat' dir='ltr'><strong>despumat</strong></span> <span class='ocrx_word' id='word_1_155' title='bbox 929 1399 1029 1433; x_wconf 72' lang='lat' dir='ltr'><strong>aeni.</strong></span> 
     </span>
     <span class='ocr_line' id='line_1_26' title="bbox 174 1450 1128 1494; baseline -0.001 -7"><span class='ocrx_word' id='word_1_156' title='bbox 174 1456 215 1487; x_wconf 88' lang='lat' dir='ltr'><strong>at</strong></span> <span class='ocrx_word' id='word_1_157' title='bbox 235 1451 456 1487; x_wconf 86' lang='lat' dir='ltr'><strong>rubicunda</strong></span> <span class='ocrx_word' id='word_1_158' title='bbox 476 1451 594 1487; x_wconf 86' lang='lat' dir='ltr'><strong>Ceres</strong></span> <span class='ocrx_word' id='word_1_159' title='bbox 614 1450 747 1487; x_wconf 87' lang='lat' dir='ltr'><strong>medio</strong></span> <span class='ocrx_word' id='word_1_160' title='bbox 768 1450 983 1486; x_wconf 82' lang='lat' dir='ltr'><strong>succiditur</strong></span> <span class='ocrx_word' id='word_1_161' title='bbox 1002 1455 1128 1494; x_wconf 83' lang='lat' dir='ltr'><strong>aestu,</strong></span> 
     </span>
     <span class='ocr_line' id='line_1_27' title="bbox 175 1503 1035 1552; baseline -0.002 -12"><span class='ocrx_word' id='word_1_162' title='bbox 175 1510 217 1540; x_wconf 90' lang='lat' dir='ltr'><strong>et</strong></span> <span class='ocrx_word' id='word_1_163' title='bbox 235 1504 369 1540; x_wconf 87' lang='lat' dir='ltr'><strong>medio</strong></span> <span class='ocrx_word' id='word_1_164' title='bbox 390 1509 513 1540; x_wconf 88' lang='lat' dir='ltr'><strong>tostas</strong></span> <span class='ocrx_word' id='word_1_165' title='bbox 532 1509 645 1540; x_wconf 88' lang='lat' dir='ltr'><strong>aestu</strong></span> <span class='ocrx_word' id='word_1_166' title='bbox 667 1506 763 1540; x_wconf 88' lang='lat' dir='ltr'><strong>terit</strong></span> <span class='ocrx_word' id='word_1_167' title='bbox 781 1516 872 1540; x_wconf 85' lang='lat' dir='ltr'><strong>area</strong></span> <span class='ocrx_word' id='word_1_168' title='bbox 891 1503 1035 1552; x_wconf 86' lang='lat' dir='ltr'><strong>fruges.</strong></span> 
     </span>
     <span class='ocr_line' id='line_1_28' title="bbox 175 1555 1172 1605; baseline -0.003 -11"><span class='ocrx_word' id='word_1_169' title='bbox 175 1557 304 1594; x_wconf 88' lang='lat' dir='ltr'><strong>nudus</strong></span> <span class='ocrx_word' id='word_1_170' title='bbox 324 1571 401 1603; x_wconf 81' lang='lat' dir='ltr'><strong>ara,</strong></span> <span class='ocrx_word' id='word_1_171' title='bbox 424 1570 510 1594; x_wconf 89' lang='lat' dir='ltr'><strong>sere</strong></span> <span class='ocrx_word' id='word_1_172' title='bbox 531 1557 660 1594; x_wconf 90' lang='lat' dir='ltr'><strong>nudus</strong></span> <span class='ocrx_word' id='word_1_173' title='bbox 677 1569 685 1599; x_wconf 92' lang='lat'>;</span> <span class='ocrx_word' id='word_1_174' title='bbox 714 1557 840 1593; x_wconf 88' lang='lat' dir='ltr'><strong>hiems</strong></span> <span class='ocrx_word' id='word_1_175' title='bbox 859 1558 1002 1605; x_wconf 86' lang='lat' dir='ltr'><strong>ignava</strong></span> <span class='ocrx_word' id='word_1_176' title='bbox 1022 1555 1172 1591; x_wconf 83' lang='lat' dir='ltr'><strong>colono.</strong></span> 
     </span>
     <span class='ocr_line' id='line_1_29' title="bbox 175 1608 1352 1660; baseline -0.001 -14"><span class='ocrx_word' id='word_1_177' title='bbox 175 1611 385 1660; x_wconf 84' lang='lat' dir='ltr'><strong>frigoribus</strong></span> <span class='ocrx_word' id='word_1_178' title='bbox 405 1615 519 1659; x_wconf 88' lang='lat' dir='ltr'><strong>parto</strong></span> <span class='ocrx_word' id='word_1_179' title='bbox 538 1609 735 1659; x_wconf 85' lang='lat' dir='ltr'><strong>agricolae</strong></span> <span class='ocrx_word' id='word_1_180' title='bbox 755 1609 988 1658; x_wconf 88' lang='lat' dir='ltr'><strong>plerumque</strong></span> <span class='ocrx_word' id='word_1_181' title='bbox 1009 1608 1194 1644; x_wconf 88' lang='lat' dir='ltr'><strong>fruuntur</strong></span> <span class='ocrx_word' id='word_1_182' title='bbox 1277 1612 1352 1645; x_wconf 78' lang='lat'>:300</span> 
     </span>
     <span class='ocr_line' id='line_1_30' title="bbox 175 1663 1065 1712; baseline -0.002 -13"><span class='ocrx_word' id='word_1_183' title='bbox 175 1669 395 1712; x_wconf 87' lang='lat' dir='ltr'><strong>mutuaque</strong></span> <span class='ocrx_word' id='word_1_184' title='bbox 415 1667 520 1700; x_wconf 90' lang='lat' dir='ltr'><strong>inter</strong></span> <span class='ocrx_word' id='word_1_185' title='bbox 540 1677 580 1699; x_wconf 88' lang='lat' dir='ltr'><strong>se</strong></span> <span class='ocrx_word' id='word_1_186' title='bbox 600 1663 695 1700; x_wconf 90' lang='lat' dir='ltr'><strong>laeti</strong></span> <span class='ocrx_word' id='word_1_187' title='bbox 717 1664 896 1699; x_wconf 85' lang='lat' dir='ltr'><strong>convivia</strong></span> <span class='ocrx_word' id='word_1_188' title='bbox 915 1666 1065 1698; x_wconf 88' lang='lat' dir='ltr'><strong>curant.</strong></span> 
     </span>
     <span class='ocr_line' id='line_1_31' title="bbox 176 1715 1058 1766; baseline 0 -15"><span class='ocrx_word' id='word_1_189' title='bbox 176 1720 319 1753; x_wconf 83' lang='lat' dir='ltr'><strong>invitat</strong></span> <span class='ocrx_word' id='word_1_190' title='bbox 339 1717 506 1766; x_wconf 86' lang='lat' dir='ltr'><strong>genialis</strong></span> <span class='ocrx_word' id='word_1_191' title='bbox 525 1717 653 1753; x_wconf 87' lang='lat' dir='ltr'><strong>hiems</strong></span> <span class='ocrx_word' id='word_1_192' title='bbox 675 1728 865 1765; x_wconf 86' lang='lat' dir='ltr'><strong>curasque</strong></span> <span class='ocrx_word' id='word_1_193' title='bbox 884 1715 1058 1760; x_wconf 84' lang='lat' dir='ltr'><strong>resolvit,</strong></span> 
     </span>
    </p>
   </div>
   <div class='ocr_carea' id='block_1_3' title="bbox 218 1818 1270 1987">
    <p class='ocr_par' dir='ltr' id='par_1_3' title="bbox 218 1818 963 1851">
     <span class='ocr_line' id='line_1_32' title="bbox 218 1818 963 1851; baseline 0.001 -1"><span class='ocrx_word' id='word_1_194' title='bbox 218 1818 264 1837; x_wconf 76' lang='lat'><strong>2⁷⁷</strong></span> <span class='ocrx_word' id='word_1_195' title='bbox 292 1821 423 1851; x_wconf 70' lang='lat' dir='ltr'><strong>Horcus</strong></span> <span class='ocrx_word' id='word_1_196' title='bbox 440 1821 477 1851; x_wconf 92' lang='lat' dir='ltr'><strong>P.</strong></span> <span class='ocrx_word' id='word_1_197' title='bbox 651 1818 698 1838; x_wconf 74' lang='lat'><strong>²⁸²</strong></span> <span class='ocrx_word' id='word_1_198' title='bbox 723 1820 893 1850; x_wconf 82' lang='lat' dir='ltr'><strong>invertere</strong></span> <span class='ocrx_word' id='word_1_199' title='bbox 908 1818 963 1851; x_wconf 76' lang='lat'><strong>12¹.</strong></span> 
     </span>
    </p>

    <p class='ocr_par' dir='ltr' id='par_1_4' title="bbox 218 1860 861 1893">
     <span class='ocr_line' id='line_1_33' title="bbox 218 1860 861 1893; baseline -0.002 0"><span class='ocrx_word' id='word_1_200' title='bbox 218 1860 264 1879; x_wconf 69' lang='lat'><strong>²8³</strong></span> <span class='ocrx_word' id='word_1_201' title='bbox 289 1863 413 1893; x_wconf 79' lang='lat' dir='ltr'><strong>deiecit</strong></span> <span class='ocrx_word' id='word_1_202' title='bbox 428 1863 465 1893; x_wconf 79' lang='lat' dir='ltr'><strong>R.</strong></span> <span class='ocrx_word' id='word_1_203' title='bbox 651 1861 699 1880; x_wconf 74' lang='lat'><strong>²⁸⁴</strong></span> <span class='ocrx_word' id='word_1_204' title='bbox 723 1863 810 1892; x_wconf 82' lang='lat' dir='ltr'><strong>vites</strong></span> <span class='ocrx_word' id='word_1_205' title='bbox 823 1862 861 1893; x_wconf 82' lang='lat' dir='ltr'><strong>R.</strong></span> 
     </span>
    </p>

    <p class='ocr_par' dir='ltr' id='par_1_5' title="bbox 220 1903 551 1944">
     <span class='ocr_line' id='line_1_34' title="bbox 220 1903 551 1944; baseline 0.006 -11"><span class='ocrx_word' id='word_1_206' title='bbox 220 1903 267 1922; x_wconf 79' lang='lat'><strong>²⁹2</strong></span> <span class='ocrx_word' id='word_1_207' title='bbox 292 1906 496 1944; x_wconf 64' lang='lat' dir='ltr'><strong>perviffilant</strong></span> <span class='ocrx_word' id='word_1_208' title='bbox 513 1905 551 1935; x_wconf 91' lang='lat' dir='ltr'><strong>P.</strong></span> 
     </span>
    </p>

    <p class='ocr_par' dir='ltr' id='par_1_6' title="bbox 219 1945 1270 1987">
     <span class='ocr_line' id='line_1_35' title="bbox 219 1945 1270 1987; baseline -0.002 -9"><span class='ocrx_word' id='word_1_209' title='bbox 219 1946 265 1965; x_wconf 76' lang='lat'><strong>²⁹⁶</strong></span> <span class='ocrx_word' id='word_1_210' title='bbox 291 1948 414 1985; x_wconf 82' lang='lat' dir='ltr'><strong>trepidi</strong></span> <span class='ocrx_word' id='word_1_211' title='bbox 431 1946 487 1984; x_wconf 85' lang='lat' dir='ltr'><strong>P2,</strong></span> <span class='ocrx_word' id='word_1_212' title='bbox 507 1947 660 1979; x_wconf 53' lang='lat' dir='ltr'><strong>Servius:</strong></span> <span class='ocrx_word' id='word_1_213' title='bbox 684 1948 826 1987; x_wconf 82' lang='lat' dir='ltr'><strong>trepidis</strong></span> <span class='ocrx_word' id='word_1_214' title='bbox 843 1947 911 1978; x_wconf 77' lang='lat' dir='ltr'><strong>MR</strong></span> <span class='ocrx_word' id='word_1_215' title='bbox 928 1946 1070 1986; x_wconf 74' lang='lat' dir='ltr'><strong>(aenis):</strong></span> <span class='ocrx_word' id='word_1_216' title='bbox 1095 1947 1200 1985; x_wconf 79' lang='lat' dir='ltr'><strong>tepidi</strong></span> <span class='ocrx_word' id='word_1_217' title='bbox 1219 1945 1270 1977; x_wconf 88' lang='lat' dir='ltr'><strong>P1.</strong></span> 
     </span>
    </p>
   </div>
   <div class='ocr_carea' id='block_1_4' title="bbox 183 2019 253 2051">
    <p class='ocr_par' dir='ltr' id='par_1_7' title="bbox 183 2019 253 2051">
     <span class='ocr_line' id='line_1_36' title="bbox 183 2019 253 2051; baseline 0.029 -2"><span class='ocrx_word' id='word_1_218' title='bbox 183 2019 253 2051; x_wconf 81' lang='lat'><strong>100</strong></span> 
     </span>
    </p>
   </div>
  </div>
 </body>
</html>
