1430 2335
680 95 874 134 VIRGIL

184 179 313 212 matre
333 174 408 210 dea
429 177 677 209 monstrante
698 175 813 217 viam,
833 171 927 208 data
946 170 1027 208 fata
1047 175 1230 214 secutus3

185 231 249 264 vix
268 232 425 277 septem
444 226 652 263 convolsae
671 226 789 262 undis
809 225 993 275 Euroque
1014 228 1238 274 supersunt.

183 284 268 329 ipse
288 284 463 330 ignotus,
483 293 620 328 egenS,
641 279 792 329 Libyae
812 279 971 315 deserta
990 291 1170 328 peragr0‚

184 335 343 384 Europa
362 339 482 383 atque
505 335 596 369 Asia
616 332 789 382 pulsus.'’
846 345 920 369 nec
941 332 1053 381 plura
1073 335 1309 381 querentem

184 401 297 437 passa
318 388 452 424 Venus
472 387 605 423 medio
624 389 677 423 sic
698 385 888 422 interfata
908 385 1044 422 dolore
1064 390 1125 421 est
1143 399 1151 421 ε
1287 382 1363 420 386

237 445 261 463 “
275 440 463 491 Quisquis
483 454 538 486 es,
557 439 679 485 haud,
700 439 833 484 credo,
852 441 1000 475 invisus
1020 438 1258 475 caelestibus

289 508 401 531 auras

186 548 315 585 vitalis
335 551 473 597 carpis,
494 547 653 597 Tyriam
674 549 740 596 qui
760 546 969 582 adveneris
989 545 1139 582 urbem.

185 614 307 652 perge
354 602 472 638 modo
518 606 637 650 atque
685 600 776 635 hinc
832 604 873 635 te
924 601 1084 648 reginae
1130 598 1179 634 ad
1226 598 1364 634 limina

292 655 432 704 perfer.

185 722 357 757 namque
377 709 449 745 tibi
469 707 632 744 reduces
651 709 774 743 socios
794 706 1036 755 classemque
1058 704 1221 741 relatam
1287 708 1363 747 390

186 765 327 799 nuntio
348 767 389 799 et
408 765 448 798 in
468 766 600 797 tutum
620 763 740 797 versis
760 759 1021 809 Aquilonibus
1039 763 1184 804 actam,

187 818 227 852 ni
247 815 388 852 frustra
408 817 615 864 augurium
637 816 726 850 vani
746 812 915 850 docuere
934 816 1132 861 parentes.

186 872 318 918 aspice
339 869 397 905 bis
417 881 531 905 senos
551 868 734 904 laetantis
753 868 912 916 agmine
933 878 1089 915 cycnos,

187 922 365 959 aetheria
385 935 481 971 quos
500 922 607 970 lapsa
628 920 744 970 plaga
764 920 868 956 Iovis
887 919 969 956 ales
988 923 1126 968 aperto

187 976 370 1012 turbabat
390 975 523 1019 caelo3
552 987 657 1010 nunc
677 979 802 1010 terras
822 972 960 1009 ordine
979 971 1099 1021 longo
1287 974 1361 1013 395

187 1035 253 1065 aut
275 1042 414 1077 capere
435 1033 504 1065 aut
523 1033 657 1077 captas
677 1030 754 1063 iam
774 1026 1009 1075 despectare
1030 1025 1225 1062 videntur.

188 1088 231 1118 ut
252 1082 415 1118 reduces
434 1082 491 1117 illi
512 1082 656 1118 ludunt
674 1079 932 1116 stridentibus
952 1079 1022 1115 alis

188 1141 229 1172 et
250 1141 365 1172 coetu
385 1138 543 1172 cinxere
564 1135 699 1184 polum
720 1138 936 1182 cantusque
958 1132 1120 1176 dedere,

187 1189 293 1225 haud
315 1190 430 1226 aliter
449 1200 681 1238 puppesque
701 1192 795 1224 tuae
815 1187 1017 1236 pubesque
1036 1190 1195 1222 tuorum

187 1247 255 1278 aut
275 1247 432 1291 portum
453 1246 568 1279 tenet
588 1245 657 1277 aut
676 1241 794 1289 pleno
814 1239 920 1276 subit
941 1241 1040 1275 ostia
1060 1239 1158 1275 velo.
1285 1242 1362 1276 400

188 1308 310 1345 perge
332 1296 447 1332 modo
469 1301 521 1339 et,
541 1308 615 1344 qua
636 1299 677 1331 te
698 1294 808 1330 ducit
828 1296 900 1336 via,
920 1292 1056 1341 derige
1077 1292 1294 1341 gressum.”

241 1348 355 1386 Dixit.
374 1354 415 1385 et
434 1353 617 1385 avertens
637 1360 746 1383 rosea
766 1348 918 1383 cervice
938 1345 1104 1389 refulsit,

187 1403 484 1452 ambrosiaeque
506 1414 639 1438 comae
661 1400 837 1437 divinum
859 1402 1006 1436 vertice
1026 1398 1187 1436 odorem

188 1459 383 1504 spiravere
400 1469 408 1500 ;
437 1456 560 1505 pedes
580 1457 700 1491 vestis
720 1453 887 1490 defluxit
905 1452 956 1488 ad
975 1455 1087 1496 imos,

188 1514 229 1545 et
250 1523 341 1546 vera
360 1512 513 1546 incessu
533 1511 663 1558 patuit
683 1507 768 1545 dea.
824 1506 891 1542 ille
911 1506 979 1542 ubi
998 1511 1166 1542 matrem
1287 1510 1361 1542 405

187 1563 393 1612 adgnovit,
413 1563 483 1599 tali
503 1562 728 1609 fugientem
751 1565 811 1596 est
832 1572 925 1596 voce
946 1564 1126 1596 secutus:

188 1620 213 1637 “
226 1616 320 1665 quid
340 1621 478 1653 natum
500 1618 660 1660 totienS,
681 1613 851 1650 crudelis
871 1618 914 1649 tu
934 1625 1101 1662 quoque,
1122 1612 1227 1649 falsis

187 1669 292 1706 ludis
312 1670 575 1719 imaginibus?
631 1681 700 1704 cur
719 1667 883 1704 dextrae
903 1668 1068 1715 iungere
1089 1666 1268 1702 dextram

189 1736 268 1758 non
288 1723 404 1759 datur
423 1736 467 1759 ac
488 1735 598 1758 veras
617 1721 753 1758 audire
774 1726 816 1757 et
837 1719 1006 1757 reddere
1027 1732 1141 1756 voces
1157 1721 1170 1756 ?
1184 1719 1203 1730 ’'

189 1776 331 1812 talibus
351 1779 504 1812 incusat
522 1787 780 1825 gressumque
800 1773 850 1810 ad
869 1775 1026 1810 moenia
1045 1772 1187 1810 tendit.
1287 1775 1362 1807 410

188 1834 230 1866 at
249 1829 383 1865 Venus
404 1830 568 1865 obscuro
589 1827 808 1878 gradientis
828 1831 918 1863 aere
938 1829 1085 1876 saepsit

236 1923 283 1943 ³⁹⁶
307 1928 365 1956 aut
400 1928 516 1965 captas
557 1924 675 1957 GMR:
719 1926 777 1955 aut
807 1926 926 1962 captus
957 1921 1020 1954 1³¹:
1058 1925 1116 1953 aut
1156 1925 1272 1962 captos
1305 1920 1363 1952 P2.

190 1971 376 2007 respectare
393 1968 430 1999 P.

191 2036 266 2074 ⁶268
