<?xml version="1.0" encoding="UTF-8"?>
<!DOCTYPE html PUBLIC "-//W3C//DTD XHTML 1.0 Transitional//EN"
    "http://www.w3.org/TR/xhtml1/DTD/xhtml1-transitional.dtd">
<html xmlns="http://www.w3.org/1999/xhtml" xml:lang="en" lang="en">
 <head>
  <title>
</title>
<meta http-equiv="Content-Type" content="text/html;charset=utf-8" />
  <meta name='ocr-system' content='tesseract 3.04.00' />
  <meta name='ocr-capabilities' content='ocr_page ocr_carea ocr_par ocr_line ocrx_word'/>
</head>
<body>
  <div class='ocr_page' id='page_1' title='image "./virgilwithenglis01virg_0132.png"; bbox 0 0 1430 2335; ppageno 0'>
   <div class='ocr_carea' id='block_1_1' title="bbox 689 88 879 126">
    <p class='ocr_par' dir='ltr' id='par_1_1' title="bbox 689 88 879 126">
     <span class='ocr_line' id='line_1_1' title="bbox 689 88 879 126; baseline 0.005 -1"><span class='ocrx_word' id='word_1_1' title='bbox 689 88 879 126; x_wconf 88' lang='lat' dir='ltr'>VIRGIL</span> 
     </span>
    </p>
   </div>
   <div class='ocr_carea' id='block_1_2' title="bbox 191 164 1368 2001">
    <p class='ocr_par' dir='ltr' id='par_1_2' title="bbox 191 164 1368 1862">
     <span class='ocr_line' id='line_1_2' title="bbox 196 164 1211 218; baseline 0.004 -18"><span class='ocrx_word' id='word_1_2' title='bbox 196 177 284 201; x_wconf 89' lang='lat' dir='ltr'>cum</span> <span class='ocrx_word' id='word_1_3' title='bbox 305 165 438 201; x_wconf 89' lang='lat' dir='ltr'>medio</span> <span class='ocrx_word' id='word_1_4' title='bbox 458 164 606 201; x_wconf 85' lang='lat' dir='ltr'>celeres</span> <span class='ocrx_word' id='word_1_5' title='bbox 625 164 806 202; x_wconf 78' lang='lat' dir='ltr'><strong>revolant</strong></span> <span class='ocrx_word' id='word_1_6' title='bbox 826 178 874 202; x_wconf 84' lang='lat' dir='ltr'>ex</span> <span class='ocrx_word' id='word_1_7' title='bbox 893 179 1064 217; x_wconf 86' lang='lat' dir='ltr'>aequore</span> <span class='ocrx_word' id='word_1_8' title='bbox 1084 171 1211 218; x_wconf 83' lang='lat' dir='ltr'>mergi</span> 
     </span>
     <span class='ocr_line' id='line_1_3' title="bbox 196 218 1241 270; baseline 0.005 -17"><span class='ocrx_word' id='word_1_9' title='bbox 196 218 488 267; x_wconf 81' lang='lat' dir='ltr'>clamoremque</span> <span class='ocrx_word' id='word_1_10' title='bbox 507 218 643 254; x_wconf 89' lang='lat' dir='ltr'>ferunt</span> <span class='ocrx_word' id='word_1_11' title='bbox 661 218 712 254; x_wconf 82' lang='lat' dir='ltr'>ad</span> <span class='ocrx_word' id='word_1_12' title='bbox 732 218 858 263; x_wconf 84' lang='lat' dir='ltr'>litora,</span> <span class='ocrx_word' id='word_1_13' title='bbox 879 232 1047 270; x_wconf 87' lang='lat' dir='ltr'>cumque</span> <span class='ocrx_word' id='word_1_14' title='bbox 1067 225 1241 258; x_wconf 87' lang='lat' dir='ltr'>marinae</span> 
     </span>
     <span class='ocr_line' id='line_1_4' title="bbox 194 270 1092 322; baseline 0.004 -16"><span class='ocrx_word' id='word_1_15' title='bbox 194 273 235 306; x_wconf 88' lang='lat' dir='ltr'>in</span> <span class='ocrx_word' id='word_1_16' title='bbox 255 274 356 308; x_wconf 87' lang='lat' dir='ltr'>sicco</span> <span class='ocrx_word' id='word_1_17' title='bbox 376 271 521 307; x_wconf 83' lang='lat' dir='ltr'>ludunt</span> <span class='ocrx_word' id='word_1_18' title='bbox 540 270 695 316; x_wconf 86' lang='lat' dir='ltr'>fulicae,</span> <span class='ocrx_word' id='word_1_19' title='bbox 714 276 907 321; x_wconf 84' lang='lat' dir='ltr'>notasque</span> <span class='ocrx_word' id='word_1_20' title='bbox 927 274 1092 322; x_wconf 86' lang='lat' dir='ltr'>paludes</span> 
     </span>
     <span class='ocr_line' id='line_1_5' title="bbox 195 323 1198 373; baseline 0.004 -14"><span class='ocrx_word' id='word_1_21' title='bbox 195 324 347 360; x_wconf 87' lang='lat' dir='ltr'>deserit</span> <span class='ocrx_word' id='word_1_22' title='bbox 364 329 483 373; x_wconf 83' lang='lat' dir='ltr'>atque</span> <span class='ocrx_word' id='word_1_23' title='bbox 501 323 622 360; x_wconf 84' lang='lat' dir='ltr'>altam</span> <span class='ocrx_word' id='word_1_24' title='bbox 643 337 759 373; x_wconf 84' lang='lat' dir='ltr'>supra</span> <span class='ocrx_word' id='word_1_25' title='bbox 777 325 883 361; x_wconf 88' lang='lat' dir='ltr'>volat</span> <span class='ocrx_word' id='word_1_26' title='bbox 901 326 1019 362; x_wconf 88' lang='lat' dir='ltr'>ardea</span> <span class='ocrx_word' id='word_1_27' title='bbox 1038 328 1198 364; x_wconf 88' lang='lat' dir='ltr'>nubem.</span> 
     </span>
     <span class='ocr_line' id='line_1_6' title="bbox 195 377 1366 427; baseline 0.003 -14"><span class='ocrx_word' id='word_1_28' title='bbox 195 389 313 426; x_wconf 83' lang='lat' dir='ltr'>saepe</span> <span class='ocrx_word' id='word_1_29' title='bbox 336 380 457 414; x_wconf 87' lang='lat' dir='ltr'>etiam</span> <span class='ocrx_word' id='word_1_30' title='bbox 475 377 612 414; x_wconf 89' lang='lat' dir='ltr'>stellas</span> <span class='ocrx_word' id='word_1_31' title='bbox 632 382 752 413; x_wconf 81' lang='lat' dir='ltr'>vento</span> <span class='ocrx_word' id='word_1_32' title='bbox 772 379 1031 427; x_wconf 83' lang='lat' dir='ltr'>impendente</span> <span class='ocrx_word' id='word_1_33' title='bbox 1053 380 1205 416; x_wconf 82' lang='lat' dir='ltr'>videbis</span> <span class='ocrx_word' id='word_1_34' title='bbox 1292 378 1366 417; x_wconf 78' lang='lat'>365</span> 
     </span>
     <span class='ocr_line' id='line_1_7' title="bbox 194 430 1188 481; baseline 0.002 -15"><span class='ocrx_word' id='word_1_35' title='bbox 194 433 432 480; x_wconf 77' lang='lat' dir='ltr'>praecipites</span> <span class='ocrx_word' id='word_1_36' title='bbox 451 431 559 467; x_wconf 89' lang='lat' dir='ltr'>caelo</span> <span class='ocrx_word' id='word_1_37' title='bbox 577 430 668 475; x_wconf 78' lang='lat' dir='ltr'>labi,</span> <span class='ocrx_word' id='word_1_38' title='bbox 688 434 897 480; x_wconf 88' lang='lat' dir='ltr'>noctisque</span> <span class='ocrx_word' id='word_1_39' title='bbox 918 446 990 481; x_wconf 90' lang='lat' dir='ltr'>per</span> <span class='ocrx_word' id='word_1_40' title='bbox 1008 433 1188 469; x_wconf 84' lang='lat' dir='ltr'>umbram</span> 
     </span>
     <span class='ocr_line' id='line_1_8' title="bbox 194 483 1184 533; baseline 0.004 -15"><span class='ocrx_word' id='word_1_41' title='bbox 194 483 438 520; x_wconf 85' lang='lat' dir='ltr'>flammarum</span> <span class='ocrx_word' id='word_1_42' title='bbox 457 483 597 533; x_wconf 83' lang='lat' dir='ltr'>longos</span> <span class='ocrx_word' id='word_1_43' title='bbox 616 497 638 519; x_wconf 87' lang='lat' dir='ltr'>a</span> <span class='ocrx_word' id='word_1_44' title='bbox 657 488 772 531; x_wconf 83' lang='lat' dir='ltr'>tergo</span> <span class='ocrx_word' id='word_1_45' title='bbox 790 485 991 522; x_wconf 74' lang='lat' dir='ltr'>albescere</span> <span class='ocrx_word' id='word_1_46' title='bbox 1010 490 1160 522; x_wconf 79' lang='lat' dir='ltr'>tractus</span> <span class='ocrx_word' id='word_1_47' title='bbox 1176 499 1184 529; x_wconf 93' lang='lat'>;</span> 
     </span>
     <span class='ocr_line' id='line_1_9' title="bbox 193 537 1262 586; baseline 0.003 -14"><span class='ocrx_word' id='word_1_48' title='bbox 193 549 313 586; x_wconf 80' lang='lat' dir='ltr'>saepe</span> <span class='ocrx_word' id='word_1_49' title='bbox 332 537 463 573; x_wconf 88' lang='lat' dir='ltr'>levem</span> <span class='ocrx_word' id='word_1_50' title='bbox 482 537 637 586; x_wconf 82' lang='lat' dir='ltr'>paleam</span> <span class='ocrx_word' id='word_1_51' title='bbox 658 541 700 573; x_wconf 92' lang='lat' dir='ltr'>et</span> <span class='ocrx_word' id='word_1_52' title='bbox 719 537 879 574; x_wconf 88' lang='lat' dir='ltr'>frondes</span> <span class='ocrx_word' id='word_1_53' title='bbox 900 538 1062 575; x_wconf 86' lang='lat' dir='ltr'>volitare</span> <span class='ocrx_word' id='word_1_54' title='bbox 1083 539 1262 585; x_wconf 86' lang='lat' dir='ltr'>caducas,</span> 
     </span>
     <span class='ocr_line' id='line_1_10' title="bbox 193 590 1170 640; baseline 0.003 -15"><span class='ocrx_word' id='word_1_55' title='bbox 193 595 262 626; x_wconf 91' lang='lat' dir='ltr'>aut</span> <span class='ocrx_word' id='word_1_56' title='bbox 282 603 436 626; x_wconf 86' lang='lat' dir='ltr'>summa</span> <span class='ocrx_word' id='word_1_57' title='bbox 456 593 586 626; x_wconf 82' lang='lat' dir='ltr'>nantis</span> <span class='ocrx_word' id='word_1_58' title='bbox 606 592 647 625; x_wconf 93' lang='lat' dir='ltr'>in</span> <span class='ocrx_word' id='word_1_59' title='bbox 666 603 766 640; x_wconf 86' lang='lat' dir='ltr'>aqua</span> <span class='ocrx_word' id='word_1_60' title='bbox 786 590 986 628; x_wconf 81' lang='lat' dir='ltr'>colludere</span> <span class='ocrx_word' id='word_1_61' title='bbox 1007 591 1170 640; x_wconf 82' lang='lat' dir='ltr'>plumaS.</span> 
     </span>
     <span class='ocr_line' id='line_1_11' title="bbox 193 643 1367 693; baseline 0.003 -15"><span class='ocrx_word' id='word_1_62' title='bbox 193 648 234 678; x_wconf 86' lang='lat' dir='ltr'>at</span> <span class='ocrx_word' id='word_1_63' title='bbox 257 643 403 680; x_wconf 87' lang='lat' dir='ltr'>Boreae</span> <span class='ocrx_word' id='word_1_64' title='bbox 424 643 474 679; x_wconf 90' lang='lat' dir='ltr'>de</span> <span class='ocrx_word' id='word_1_65' title='bbox 495 649 607 693; x_wconf 83' lang='lat' dir='ltr'>parte</span> <span class='ocrx_word' id='word_1_66' title='bbox 627 646 750 679; x_wconf 85' lang='lat' dir='ltr'>trucis</span> <span class='ocrx_word' id='word_1_67' title='bbox 769 656 857 679; x_wconf 87' lang='lat' dir='ltr'>cum</span> <span class='ocrx_word' id='word_1_68' title='bbox 879 644 1065 681; x_wconf 83' lang='lat' dir='ltr'>fulminat</span> <span class='ocrx_word' id='word_1_69' title='bbox 1085 650 1126 681; x_wconf 89' lang='lat' dir='ltr'>et</span> <span class='ocrx_word' id='word_1_70' title='bbox 1146 658 1234 681; x_wconf 90' lang='lat' dir='ltr'>cum</span> <span class='ocrx_word' id='word_1_71' title='bbox 1292 647 1367 684; x_wconf 79' lang='lat'>370</span> 
     </span>
     <span class='ocr_line' id='line_1_12' title="bbox 195 695 1243 747; baseline 0.003 -16"><span class='ocrx_word' id='word_1_72' title='bbox 195 695 369 746; x_wconf 80' lang='lat' dir='ltr'>Eurique</span> <span class='ocrx_word' id='word_1_73' title='bbox 389 695 639 746; x_wconf 87' lang='lat' dir='ltr'>Zephyrique</span> <span class='ocrx_word' id='word_1_74' title='bbox 660 701 774 733; x_wconf 84' lang='lat' dir='ltr'>tonat</span> <span class='ocrx_word' id='word_1_75' title='bbox 793 697 945 742; x_wconf 86' lang='lat' dir='ltr'>domus,</span> <span class='ocrx_word' id='word_1_76' title='bbox 964 701 1096 734; x_wconf 88' lang='lat' dir='ltr'>omnia</span> <span class='ocrx_word' id='word_1_77' title='bbox 1115 699 1243 747; x_wconf 88' lang='lat' dir='ltr'>plenis</span> 
     </span>
     <span class='ocr_line' id='line_1_13' title="bbox 193 749 1156 799; baseline 0 -14"><span class='ocrx_word' id='word_1_78' title='bbox 193 763 281 785; x_wconf 89' lang='lat' dir='ltr'>rura</span> <span class='ocrx_word' id='word_1_79' title='bbox 302 754 443 786; x_wconf 78' lang='lat' dir='ltr'>natant</span> <span class='ocrx_word' id='word_1_80' title='bbox 463 749 576 786; x_wconf 84' lang='lat' dir='ltr'>fossis</span> <span class='ocrx_word' id='word_1_81' title='bbox 595 755 714 798; x_wconf 90' lang='lat' dir='ltr'>atque</span> <span class='ocrx_word' id='word_1_82' title='bbox 734 753 862 786; x_wconf 85' lang='lat' dir='ltr'>omnis</span> <span class='ocrx_word' id='word_1_83' title='bbox 881 753 1013 786; x_wconf 81' lang='lat' dir='ltr'>navita</span> <span class='ocrx_word' id='word_1_84' title='bbox 1032 756 1156 799; x_wconf 84' lang='lat' dir='ltr'>ponto</span> 
     </span>
     <span class='ocr_line' id='line_1_14' title="bbox 193 802 1323 852; baseline 0.002 -14"><span class='ocrx_word' id='word_1_85' title='bbox 193 803 326 839; x_wconf 86' lang='lat' dir='ltr'>umida</span> <span class='ocrx_word' id='word_1_86' title='bbox 347 803 434 838; x_wconf 86' lang='lat' dir='ltr'>vela</span> <span class='ocrx_word' id='word_1_87' title='bbox 453 802 565 851; x_wconf 86' lang='lat' dir='ltr'>legit.</span> <span class='ocrx_word' id='word_1_88' title='bbox 622 816 836 852; x_wconf 86' lang='lat' dir='ltr'>numquam</span> <span class='ocrx_word' id='word_1_89' title='bbox 858 803 1175 852; x_wconf 79' lang='lat' dir='ltr'>imprudentibus</span> <span class='ocrx_word' id='word_1_90' title='bbox 1197 805 1323 841; x_wconf 83' lang='lat' dir='ltr'>imber</span> 
     </span>
     <span class='ocr_line' id='line_1_15' title="bbox 192 856 1117 905; baseline 0.001 -13"><span class='ocrx_word' id='word_1_91' title='bbox 192 856 345 892; x_wconf 79' lang='lat' dir='ltr'>obfuit:</span> <span class='ocrx_word' id='word_1_92' title='bbox 374 861 442 892; x_wconf 88' lang='lat' dir='ltr'>aut</span> <span class='ocrx_word' id='word_1_93' title='bbox 462 856 574 892; x_wconf 91' lang='lat' dir='ltr'>illum</span> <span class='ocrx_word' id='word_1_94' title='bbox 593 862 825 905; x_wconf 77' lang='lat' dir='ltr'>surgentem</span> <span class='ocrx_word' id='word_1_95' title='bbox 846 857 1010 893; x_wconf 87' lang='lat' dir='ltr'>vallibus</span> <span class='ocrx_word' id='word_1_96' title='bbox 1029 860 1117 894; x_wconf 85' lang='lat' dir='ltr'>imis</span> 
     </span>
     <span class='ocr_line' id='line_1_16' title="bbox 193 909 1365 958; baseline 0.002 -13"><span class='ocrx_word' id='word_1_97' title='bbox 193 912 321 946; x_wconf 71' lang='lat' dir='ltr'>aeriae</span> <span class='ocrx_word' id='word_1_98' title='bbox 342 909 480 958; x_wconf 88' lang='lat' dir='ltr'>fugere</span> <span class='ocrx_word' id='word_1_99' title='bbox 501 922 632 958; x_wconf 82' lang='lat' dir='ltr'>grues,</span> <span class='ocrx_word' id='word_1_100' title='bbox 651 915 720 945; x_wconf 83' lang='lat' dir='ltr'>aut</span> <span class='ocrx_word' id='word_1_101' title='bbox 741 910 881 946; x_wconf 87' lang='lat' dir='ltr'>bucula</span> <span class='ocrx_word' id='word_1_102' title='bbox 901 910 1056 946; x_wconf 84' lang='lat' dir='ltr'>caelum</span> <span class='ocrx_word' id='word_1_103' title='bbox 1291 912 1365 949; x_wconf 76' lang='lat'>375</span> 
     </span>
     <span class='ocr_line' id='line_1_17' title="bbox 192 962 1090 1012; baseline 0 -13"><span class='ocrx_word' id='word_1_104' title='bbox 192 965 408 1012; x_wconf 84' lang='lat' dir='ltr'>suspiciens</span> <span class='ocrx_word' id='word_1_105' title='bbox 428 962 574 1012; x_wconf 88' lang='lat' dir='ltr'>patulis</span> <span class='ocrx_word' id='word_1_106' title='bbox 594 965 769 1011; x_wconf 78' lang='lat' dir='ltr'>captavit</span> <span class='ocrx_word' id='word_1_107' title='bbox 788 964 945 999; x_wconf 86' lang='lat' dir='ltr'>naribus</span> <span class='ocrx_word' id='word_1_108' title='bbox 964 976 1090 1006; x_wconf 82' lang='lat' dir='ltr'>auras,</span> 
     </span>
     <span class='ocr_line' id='line_1_18' title="bbox 192 1016 1087 1064; baseline 0 -12"><span class='ocrx_word' id='word_1_109' title='bbox 192 1022 261 1052; x_wconf 86' lang='lat' dir='ltr'>aut</span> <span class='ocrx_word' id='word_1_110' title='bbox 280 1021 420 1064; x_wconf 83' lang='lat' dir='ltr'>arguta</span> <span class='ocrx_word' id='word_1_111' title='bbox 440 1016 546 1051; x_wconf 83' lang='lat' dir='ltr'>lacus</span> <span class='ocrx_word' id='word_1_112' title='bbox 566 1016 896 1052; x_wconf 68' lang='lat' dir='ltr'>circumvolitavit</span> <span class='ocrx_word' id='word_1_113' title='bbox 915 1016 1087 1052; x_wconf 78' lang='lat' dir='ltr'>hirundo</span> 
     </span>
     <span class='ocr_line' id='line_1_19' title="bbox 193 1069 1196 1119; baseline -0.001 -12"><span class='ocrx_word' id='word_1_114' title='bbox 193 1075 236 1107; x_wconf 85' lang='lat' dir='ltr'>et</span> <span class='ocrx_word' id='word_1_115' title='bbox 255 1074 433 1106; x_wconf 82' lang='lat' dir='ltr'>veterem</span> <span class='ocrx_word' id='word_1_116' title='bbox 455 1072 493 1104; x_wconf 90' lang='lat' dir='ltr'>in</span> <span class='ocrx_word' id='word_1_117' title='bbox 514 1069 607 1105; x_wconf 87' lang='lat' dir='ltr'>limo</span> <span class='ocrx_word' id='word_1_118' title='bbox 627 1082 745 1105; x_wconf 80' lang='lat' dir='ltr'>ranae</span> <span class='ocrx_word' id='word_1_119' title='bbox 766 1072 949 1106; x_wconf 89' lang='lat' dir='ltr'>cecinere</span> <span class='ocrx_word' id='word_1_120' title='bbox 967 1069 1196 1119; x_wconf 86' lang='lat' dir='ltr'>querellam.</span> 
     </span>
     <span class='ocr_line' id='line_1_20' title="bbox 192 1122 1093 1171; baseline -0.001 -12"><span class='ocrx_word' id='word_1_121' title='bbox 192 1126 347 1171; x_wconf 81' lang='lat' dir='ltr'>saepius</span> <span class='ocrx_word' id='word_1_122' title='bbox 367 1128 408 1159; x_wconf 85' lang='lat' dir='ltr'>et</span> <span class='ocrx_word' id='word_1_123' title='bbox 426 1124 544 1158; x_wconf 86' lang='lat' dir='ltr'>tectis</span> <span class='ocrx_word' id='word_1_124' title='bbox 564 1122 835 1171; x_wconf 81' lang='lat' dir='ltr'>penetralibus</span> <span class='ocrx_word' id='word_1_125' title='bbox 856 1123 1002 1159; x_wconf 88' lang='lat' dir='ltr'>extulit</span> <span class='ocrx_word' id='word_1_126' title='bbox 1021 1136 1093 1158; x_wconf 68' lang='lat' dir='ltr'>ova</span> 
     </span>
     <span class='ocr_line' id='line_1_21' title="bbox 191 1174 1367 1224; baseline -0.002 -12"><span class='ocrx_word' id='word_1_127' title='bbox 191 1181 404 1224; x_wconf 86' lang='lat' dir='ltr'>angustum</span> <span class='ocrx_word' id='word_1_128' title='bbox 425 1174 588 1210; x_wconf 85' lang='lat' dir='ltr'>formica</span> <span class='ocrx_word' id='word_1_129' title='bbox 607 1180 742 1212; x_wconf 82' lang='lat' dir='ltr'>terens</span> <span class='ocrx_word' id='word_1_130' title='bbox 761 1178 850 1219; x_wconf 83' lang='lat' dir='ltr'>iter,</span> <span class='ocrx_word' id='word_1_131' title='bbox 871 1181 913 1212; x_wconf 90' lang='lat' dir='ltr'>et</span> <span class='ocrx_word' id='word_1_132' title='bbox 933 1176 1035 1211; x_wconf 85' lang='lat' dir='ltr'>bibit</span> <span class='ocrx_word' id='word_1_133' title='bbox 1054 1179 1196 1224; x_wconf 81' lang='lat' dir='ltr'>ingens</span> <span class='ocrx_word' id='word_1_134' title='bbox 1292 1178 1367 1210; x_wconf 81' lang='lat'>380</span> 
     </span>
     <span class='ocr_line' id='line_1_22' title="bbox 191 1228 1117 1277; baseline 0 -12"><span class='ocrx_word' id='word_1_135' title='bbox 191 1242 315 1273; x_wconf 81' lang='lat' dir='ltr'>arcus,</span> <span class='ocrx_word' id='word_1_136' title='bbox 337 1234 377 1265; x_wconf 88' lang='lat' dir='ltr'>et</span> <span class='ocrx_word' id='word_1_137' title='bbox 397 1242 418 1265; x_wconf 93' lang='lat' dir='ltr'>e</span> <span class='ocrx_word' id='word_1_138' title='bbox 439 1233 551 1276; x_wconf 80' lang='lat' dir='ltr'>pastu</span> <span class='ocrx_word' id='word_1_139' title='bbox 574 1228 773 1265; x_wconf 88' lang='lat' dir='ltr'>decedens</span> <span class='ocrx_word' id='word_1_140' title='bbox 792 1231 952 1277; x_wconf 83' lang='lat' dir='ltr'>agmine</span> <span class='ocrx_word' id='word_1_141' title='bbox 972 1242 1117 1275; x_wconf 74' lang='lat' dir='ltr'>magno</span> 
     </span>
     <span class='ocr_line' id='line_1_23' title="bbox 192 1281 1083 1330; baseline -0.002 -12"><span class='ocrx_word' id='word_1_142' title='bbox 192 1295 395 1319; x_wconf 87' lang='lat' dir='ltr'>corvorum</span> <span class='ocrx_word' id='word_1_143' title='bbox 416 1284 615 1330; x_wconf 89' lang='lat' dir='ltr'>increpuit</span> <span class='ocrx_word' id='word_1_144' title='bbox 634 1281 766 1318; x_wconf 89' lang='lat' dir='ltr'>densis</span> <span class='ocrx_word' id='word_1_145' title='bbox 786 1284 983 1318; x_wconf 79' lang='lat' dir='ltr'>exercitus</span> <span class='ocrx_word' id='word_1_146' title='bbox 1003 1281 1083 1317; x_wconf 90' lang='lat' dir='ltr'>alis.</span> 
     </span>
     <span class='ocr_line' id='line_1_24' title="bbox 192 1335 1235 1384; baseline -0.001 -13"><span class='ocrx_word' id='word_1_147' title='bbox 192 1339 270 1371; x_wconf 87' lang='lat' dir='ltr'>iam</span> <span class='ocrx_word' id='word_1_148' title='bbox 292 1338 421 1371; x_wconf 82' lang='lat' dir='ltr'>variae</span> <span class='ocrx_word' id='word_1_149' title='bbox 442 1335 573 1384; x_wconf 79' lang='lat' dir='ltr'>pelagi</span> <span class='ocrx_word' id='word_1_150' title='bbox 594 1335 770 1371; x_wconf 88' lang='lat' dir='ltr'>volucres</span> <span class='ocrx_word' id='word_1_151' title='bbox 791 1339 833 1372; x_wconf 92' lang='lat' dir='ltr'>et</span> <span class='ocrx_word' id='word_1_152' title='bbox 852 1348 953 1384; x_wconf 85' lang='lat' dir='ltr'>quae</span> <span class='ocrx_word' id='word_1_153' title='bbox 973 1335 1067 1370; x_wconf 85' lang='lat' dir='ltr'>Asia</span> <span class='ocrx_word' id='word_1_154' title='bbox 1088 1338 1235 1370; x_wconf 88' lang='lat' dir='ltr'>circum</span> 
     </span>
     <span class='ocr_line' id='line_1_25' title="bbox 192 1387 1143 1437; baseline -0.002 -12"><span class='ocrx_word' id='word_1_155' title='bbox 192 1389 373 1425; x_wconf 88' lang='lat' dir='ltr'>dulcibus</span> <span class='ocrx_word' id='word_1_156' title='bbox 394 1391 434 1424; x_wconf 90' lang='lat' dir='ltr'>in</span> <span class='ocrx_word' id='word_1_157' title='bbox 454 1390 605 1436; x_wconf 85' lang='lat' dir='ltr'>stagnis</span> <span class='ocrx_word' id='word_1_158' title='bbox 624 1391 816 1425; x_wconf 87' lang='lat' dir='ltr'>rimantur</span> <span class='ocrx_word' id='word_1_159' title='bbox 835 1393 948 1436; x_wconf 84' lang='lat' dir='ltr'>prata</span> <span class='ocrx_word' id='word_1_160' title='bbox 967 1387 1119 1437; x_wconf 66' lang='lat' dir='ltr'>Caystri</span> <span class='ocrx_word' id='word_1_161' title='bbox 1135 1400 1143 1431; x_wconf 82' lang='lat'>3</span> 
     </span>
     <span class='ocr_line' id='line_1_26' title="bbox 192 1441 1366 1490; baseline -0.003 -11"><span class='ocrx_word' id='word_1_162' title='bbox 192 1445 376 1479; x_wconf 86' lang='lat' dir='ltr'>certatim</span> <span class='ocrx_word' id='word_1_163' title='bbox 396 1442 523 1490; x_wconf 82' lang='lat' dir='ltr'>largos</span> <span class='ocrx_word' id='word_1_164' title='bbox 545 1444 688 1478; x_wconf 89' lang='lat' dir='ltr'>umeris</span> <span class='ocrx_word' id='word_1_165' title='bbox 707 1441 919 1478; x_wconf 87' lang='lat' dir='ltr'>infundere</span> <span class='ocrx_word' id='word_1_166' title='bbox 938 1454 1056 1487; x_wconf 88' lang='lat' dir='ltr'>rores,</span> <span class='ocrx_word' id='word_1_167' title='bbox 1292 1444 1366 1477; x_wconf 81' lang='lat'>385</span> 
     </span>
     <span class='ocr_line' id='line_1_27' title="bbox 192 1493 1319 1543; baseline -0.001 -12"><span class='ocrx_word' id='word_1_168' title='bbox 192 1509 297 1532; x_wconf 89' lang='lat' dir='ltr'>nunc</span> <span class='ocrx_word' id='word_1_169' title='bbox 318 1500 436 1543; x_wconf 83' lang='lat' dir='ltr'>caput</span> <span class='ocrx_word' id='word_1_170' title='bbox 455 1496 655 1530; x_wconf 79' lang='lat' dir='ltr'>obiectare</span> <span class='ocrx_word' id='word_1_171' title='bbox 675 1494 802 1539; x_wconf 80' lang='lat' dir='ltr'>fretis,</span> <span class='ocrx_word' id='word_1_172' title='bbox 823 1508 928 1530; x_wconf 84' lang='lat' dir='ltr'>nunc</span> <span class='ocrx_word' id='word_1_173' title='bbox 952 1507 1108 1530; x_wconf 90' lang='lat' dir='ltr'>currere</span> <span class='ocrx_word' id='word_1_174' title='bbox 1133 1497 1172 1529; x_wconf 92' lang='lat' dir='ltr'>in</span> <span class='ocrx_word' id='word_1_175' title='bbox 1195 1493 1319 1530; x_wconf 83' lang='lat' dir='ltr'>undas</span> 
     </span>
     <span class='ocr_line' id='line_1_28' title="bbox 193 1547 1104 1596; baseline -0.004 -10"><span class='ocrx_word' id='word_1_176' title='bbox 193 1555 234 1586; x_wconf 87' lang='lat' dir='ltr'>et</span> <span class='ocrx_word' id='word_1_177' title='bbox 253 1549 384 1585; x_wconf 85' lang='lat' dir='ltr'>studio</span> <span class='ocrx_word' id='word_1_178' title='bbox 403 1551 598 1584; x_wconf 82' lang='lat' dir='ltr'>incassum</span> <span class='ocrx_word' id='word_1_179' title='bbox 619 1548 750 1583; x_wconf 83' lang='lat' dir='ltr'>videas</span> <span class='ocrx_word' id='word_1_180' title='bbox 771 1550 918 1596; x_wconf 84' lang='lat' dir='ltr'>gestire</span> <span class='ocrx_word' id='word_1_181' title='bbox 938 1547 1104 1583; x_wconf 78' lang='lat' dir='ltr'>lavandi.</span> 
     </span>
     <span class='ocr_line' id='line_1_29' title="bbox 192 1600 1201 1650; baseline -0.003 -12"><span class='ocrx_word' id='word_1_182' title='bbox 192 1607 279 1639; x_wconf 84' lang='lat' dir='ltr'>tum</span> <span class='ocrx_word' id='word_1_183' title='bbox 298 1605 432 1638; x_wconf 81' lang='lat' dir='ltr'>cornix</span> <span class='ocrx_word' id='word_1_184' title='bbox 451 1601 569 1650; x_wconf 85' lang='lat' dir='ltr'>plena</span> <span class='ocrx_word' id='word_1_185' title='bbox 588 1600 760 1649; x_wconf 80' lang='lat' dir='ltr'>pluviam</span> <span class='ocrx_word' id='word_1_186' title='bbox 781 1605 894 1637; x_wconf 84' lang='lat' dir='ltr'>vocat</span> <span class='ocrx_word' id='word_1_187' title='bbox 912 1601 1087 1649; x_wconf 83' lang='lat' dir='ltr'>improba</span> <span class='ocrx_word' id='word_1_188' title='bbox 1108 1612 1201 1636; x_wconf 72' lang='lat' dir='ltr'>voce</span> 
     </span>
     <span class='ocr_line' id='line_1_30' title="bbox 193 1653 1051 1702; baseline -0.003 -11"><span class='ocrx_word' id='word_1_189' title='bbox 193 1661 234 1692; x_wconf 91' lang='lat' dir='ltr'>et</span> <span class='ocrx_word' id='word_1_190' title='bbox 253 1655 333 1691; x_wconf 83' lang='lat' dir='ltr'>sola</span> <span class='ocrx_word' id='word_1_191' title='bbox 354 1657 393 1690; x_wconf 92' lang='lat' dir='ltr'>in</span> <span class='ocrx_word' id='word_1_192' title='bbox 413 1657 514 1690; x_wconf 88' lang='lat' dir='ltr'>sicca</span> <span class='ocrx_word' id='word_1_193' title='bbox 533 1666 666 1690; x_wconf 85' lang='lat' dir='ltr'>secum</span> <span class='ocrx_word' id='word_1_194' title='bbox 687 1657 879 1702; x_wconf 83' lang='lat' dir='ltr'>spatiatur</span> <span class='ocrx_word' id='word_1_195' title='bbox 896 1653 1051 1689; x_wconf 79' lang='lat' dir='ltr'>harena.</span> 
     </span>
     <span class='ocr_line' id='line_1_31' title="bbox 191 1705 1368 1756; baseline -0.003 -12"><span class='ocrx_word' id='word_1_196' title='bbox 191 1721 242 1745; x_wconf 89' lang='lat' dir='ltr'>ne</span> <span class='ocrx_word' id='word_1_197' title='bbox 263 1713 455 1743; x_wconf 84' lang='lat' dir='ltr'>nocturna</span> <span class='ocrx_word' id='word_1_198' title='bbox 476 1707 638 1756; x_wconf 90' lang='lat' dir='ltr'>quidem</span> <span class='ocrx_word' id='word_1_199' title='bbox 658 1712 868 1756; x_wconf 83' lang='lat' dir='ltr'>carpentes</span> <span class='ocrx_word' id='word_1_200' title='bbox 887 1719 1009 1755; x_wconf 78' lang='lat' dir='ltr'>pensa</span> <span class='ocrx_word' id='word_1_201' title='bbox 1029 1705 1185 1755; x_wconf 84' lang='lat' dir='ltr'>puellae</span> <span class='ocrx_word' id='word_1_202' title='bbox 1293 1708 1368 1747; x_wconf 78' lang='lat'><strong>:390</strong></span> 
     </span>
     <span class='ocr_line' id='line_1_32' title="bbox 191 1759 1228 1805; baseline -0.005 -7"><span class='ocrx_word' id='word_1_203' title='bbox 191 1764 394 1798; x_wconf 86' lang='lat' dir='ltr'>nescivere</span> <span class='ocrx_word' id='word_1_204' title='bbox 414 1760 603 1805; x_wconf 85' lang='lat' dir='ltr'>hiemem,</span> <span class='ocrx_word' id='word_1_205' title='bbox 624 1765 728 1796; x_wconf 80' lang='lat' dir='ltr'>testa</span> <span class='ocrx_word' id='word_1_206' title='bbox 748 1773 836 1796; x_wconf 88' lang='lat' dir='ltr'>cum</span> <span class='ocrx_word' id='word_1_207' title='bbox 857 1759 1023 1796; x_wconf 87' lang='lat' dir='ltr'>ardente</span> <span class='ocrx_word' id='word_1_208' title='bbox 1045 1759 1228 1795; x_wconf 88' lang='lat' dir='ltr'>viderent</span> 
     </span>
     <span class='ocr_line' id='line_1_33' title="bbox 191 1812 1217 1862; baseline -0.005 -11"><span class='ocrx_word' id='word_1_209' title='bbox 191 1814 406 1852; x_wconf 79' lang='lat' dir='ltr'>scintillare</span> <span class='ocrx_word' id='word_1_210' title='bbox 426 1813 558 1849; x_wconf 89' lang='lat' dir='ltr'>oleum</span> <span class='ocrx_word' id='word_1_211' title='bbox 581 1818 622 1849; x_wconf 90' lang='lat' dir='ltr'>et</span> <span class='ocrx_word' id='word_1_212' title='bbox 643 1816 769 1862; x_wconf 87' lang='lat' dir='ltr'>putris</span> <span class='ocrx_word' id='word_1_213' title='bbox 790 1825 1043 1850; x_wconf 81' lang='lat' dir='ltr'>concrescere</span> <span class='ocrx_word' id='word_1_214' title='bbox 1064 1812 1217 1860; x_wconf 65' lang='lat' dir='ltr'>fungos.</span> 
     </span>
    </p>

    <p class='ocr_par' dir='ltr' id='par_1_3' title="bbox 277 1883 651 1925">
     <span class='ocr_line' id='line_1_34' title="bbox 277 1883 651 1925; baseline -0.008 -10"><span class='ocrx_word' id='word_1_215' title='bbox 277 1884 323 1904; x_wconf 81' lang='lat'>³⁷³</span> <span class='ocrx_word' id='word_1_216' title='bbox 348 1884 570 1925; x_wconf 83' lang='lat' dir='ltr'>prudentibus</span> <span class='ocrx_word' id='word_1_217' title='bbox 587 1883 651 1914; x_wconf 78' lang='lat' dir='ltr'>Ml.</span> 
     </span>
    </p>

    <p class='ocr_par' dir='ltr' id='par_1_4' title="bbox 276 1925 1275 1967">
     <span class='ocr_line' id='line_1_35' title="bbox 276 1925 1275 1967; baseline -0.002 -10"><span class='ocrx_word' id='word_1_218' title='bbox 276 1926 324 1945; x_wconf 75' lang='lat'>³⁸³</span> <span class='ocrx_word' id='word_1_219' title='bbox 350 1928 458 1958; x_wconf 75' lang='lat' dir='ltr'>varias</span> <span class='ocrx_word' id='word_1_220' title='bbox 470 1927 646 1966; x_wconf 54' lang='lat' dir='ltr'>prqf&#39;erred</span> <span class='ocrx_word' id='word_1_221' title='bbox 664 1927 701 1967; x_wconf 75' lang='lat' dir='ltr'>by</span> <span class='ocrx_word' id='word_1_222' title='bbox 722 1926 863 1958; x_wconf 51' lang='lat' dir='ltr'>»Servius</span> <span class='ocrx_word' id='word_1_223' title='bbox 910 1928 1010 1964; x_wconf 82' lang='lat' dir='ltr'>atque</span> <span class='ocrx_word' id='word_1_224' title='bbox 1027 1926 1085 1956; x_wconf 74' lang='lat' dir='ltr'>M.-</span> <span class='ocrx_word' id='word_1_225' title='bbox 1113 1925 1220 1963; x_wconf 79' lang='lat' dir='ltr'>adque</span> <span class='ocrx_word' id='word_1_226' title='bbox 1238 1926 1275 1956; x_wconf 74' lang='lat' dir='ltr'>R.</span> 
     </span>
    </p>

    <p class='ocr_par' dir='ltr' id='par_1_5' title="bbox 276 1969 585 2001">
     <span class='ocr_line' id='line_1_36' title="bbox 276 1969 585 2001; baseline -0.003 0"><span class='ocrx_word' id='word_1_227' title='bbox 276 1969 323 1988; x_wconf 71' lang='lat'>²³⁸⁶</span> <span class='ocrx_word' id='word_1_228' title='bbox 349 1970 474 2001; x_wconf 83' lang='lat' dir='ltr'>undam</span> <span class='ocrx_word' id='word_1_229' title='bbox 493 1969 585 2000; x_wconf 75' lang='lat' dir='ltr'><em>M2R.</em></span> 
     </span>
    </p>
   </div>
   <div class='ocr_carea' id='block_1_3' title="bbox 247 2029 266 2042">
    <p class='ocr_par' dir='ltr' id='par_1_6' title="bbox 247 2029 266 2042">
     <span class='ocr_line' id='line_1_37' title="bbox 247 2029 266 2042; baseline 0 -6"><span class='ocrx_word' id='word_1_230' title='bbox 247 2029 266 2042; x_wconf 64' lang='grc' dir='ltr'>ρ</span> 
     </span>
    </p>
   </div>
   <div class='ocr_carea' id='block_1_4' title="bbox 195 2037 266 2069">
    <p class='ocr_par' dir='ltr' id='par_1_7' title="bbox 195 2037 266 2069">
     <span class='ocr_line' id='line_1_38' title="bbox 195 2037 266 2069; baseline -0.028 -1"><span class='ocrx_word' id='word_1_231' title='bbox 195 2037 266 2069; x_wconf 84' lang='lat'>100</span> 
     </span>
    </p>
   </div>
  </div>
 </body>
</html>
