1430 2335
635 90 690 126 VI
700 89 831 126 RGIL

143 167 313 216 impulit.
369 166 568 216 adgnosco
587 168 733 203 veteris
752 167 919 214 vestigia
938 165 1128 202 flammae.

143 221 213 257 sed
234 221 331 256 mihi
351 220 414 257 vel
431 219 553 257 tellus
572 225 710 269 optem
729 222 836 268 prius
854 222 932 254 ima
952 218 1134 254 dehiscat

143 274 205 310 vel
219 280 333 322 pater
344 277 598 323 omnipotens
610 273 746 322 adigat
757 286 821 309 me
833 272 1000 308 fulmine
1012 271 1061 308 ad
1075 272 1243 316 umbras,
1272 273 1321 307 25

144 327 333 376 pallentis
352 328 508 364 umbras
527 327 646 363 Erebi
668 331 905 375 noctemque
925 324 1174 374 profundam,

118 422 121 423 ⁷
142 386 250 426 autc,
273 381 416 427 Pudor,
435 394 553 431 quam
571 386 614 417 te
635 380 736 416 violo
755 384 825 416 aut
843 385 913 415 tua
931 381 1015 415 iura
1032 379 1198 416 resolvo.

143 435 211 471 ille
230 448 352 480 meos,
373 437 520 483 primus
540 436 606 484 qui
628 447 690 470 me
709 433 783 470 sibi
801 435 944 478 iunxit,
962 445 1114 468 amores

142 489 309 525 abstulit
326 501 334 533 ;
362 488 430 524 1110
451 488 598 524 habeat
618 500 751 524 secum
772 491 982 535 servetque
1003 483 1253 536 sepulchro.'’

144 545 198 578 sic
219 542 337 578 effata
355 544 486 579 sinum
505 542 676 578 lacrimis
699 540 881 590 implevit
899 540 1064 579 obortis1
1274 542 1324 574 30

196 596 314 632 Anna
333 595 457 632 refert
474 608 481 631 ε
510 599 536 615 “
551 595 587 631 O
607 595 696 631 luce
715 597 842 643 magis
861 593 1009 630 dilecta
1032 595 1165 639 sorori,

141 649 277 686 solane
295 654 492 698 perpetua
508 661 690 685 maerens
708 660 869 696 carpere
887 650 1064 692 iuventa,

142 716 217 739 nec
237 703 364 740 dulcis
382 708 496 739 natos
516 703 683 739 Veneris
702 714 777 738 nec
797 703 971 750 praemia
989 702 1095 736 noris
1111 701 1125 735 ?

142 757 184 793 id
204 760 379 793 cinerem
398 761 468 793 aut
490 756 619 791 Manis
638 755 766 791 credis
787 767 923 791 curare
942 753 1119 803 sepultos
1136 762 1151 789 r

144 816 230 846 esto
247 822 254 852 ;
283 823 445 859 aegram
466 809 565 845 nulli
585 809 785 858 quondam
805 808 950 844 flexere
969 810 1114 851 mariti,
1273 808 1324 843 35

144 877 224 900 11011
244 864 409 913 Libyae,
428 876 509 899 non
527 868 621 899 ante
640 863 746 911 Tyro
762 875 771 906 ;
800 861 1013 910 despectus
1034 861 1167 897 Iarbas

143 917 408 967 ductoresque
426 917 506 961 alii,
526 930 623 965 quos
643 916 778 952 Africa
797 920 904 951 terra
924 913 1137 963 triumphis

143 971 254 1008 dives
274 971 345 1007 alit
362 983 371 1015 3
400 971 599 1019 placitone
620 973 741 1006 etiam
761 969 958 1018 pugnabis
977 969 1130 1004 amori?
1222 979 1326 1003 FMPR

144 1038 219 1062 nec
237 1027 349 1061 venit
367 1027 409 1060 in
427 1029 621 1069 mentem,
639 1036 805 1073 quorum
827 1022 1054 1058 consederis
1072 1023 1173 1057 arvis
1188 1021 1203 1058 ?

143 1078 237 1115 hinc
258 1078 453 1114 Gaetulae
473 1078 602 1122 urbes,
623 1090 748 1126 genus
769 1075 1035 1125 insuperabile
1056 1074 1174 1119 bello,
1275 1077 1326 1109 40

144 1138 186 1168 et
208 1131 405 1168 Numidae
426 1131 573 1167 infreni
594 1134 763 1179 cingunt
783 1135 824 1166 et
843 1129 1049 1178 inhospita
1069 1128 1219 1178 Syrtis3

144 1186 237 1221 hinc
257 1185 415 1222 deserta
434 1188 500 1221 siti
520 1187 629 1231 regio
648 1185 810 1233 lateque
830 1182 1009 1219 furentes

145 1239 315 1275 Barcaei.
373 1238 469 1288 quid
488 1238 594 1274 bella
613 1237 717 1287 Tyro
737 1239 942 1286 surgentia
961 1236 1092 1272 dicam

144 1295 403 1341 germanique
422 1293 576 1328 minas?

144 1347 204 1383 dis
225 1346 411 1396 equidem
430 1345 655 1394 auspicibus
673 1357 762 1381 reor
781 1348 823 1380 et
845 1343 997 1380 Iunone
1016 1341 1191 1379 secunda
1275 1344 1325 1378 45

144 1400 250 1437 hunc
272 1412 426 1436 cursum
451 1399 587 1435 Iliacas
607 1402 728 1434 vento
747 1400 925 1433 tenuisse
951 1399 1112 1433 carinas.

144 1467 260 1503 quam
293 1459 336 1490 tu
367 1453 521 1498 urbem,
551 1464 671 1496 soror,
702 1451 806 1487 hanc
844 1463 994 1495 cernes,
1025 1462 1126 1499 quae
1164 1460 1326 1498 surgere

249 1520 373 1553 regna

146 1563 331 1609 coniugio
351 1560 421 1596 tali
441 1559 447 1594 !
503 1558 701 1595 Teucrum
724 1557 1008 1594 comitantibus
1026 1559 1158 1604 armis,

148 1614 295 1650 Punica
316 1627 356 1650 se
377 1615 536 1663 quantis
555 1611 716 1648 attollet
734 1611 859 1661 gloria
878 1611 997 1648 rebus
1013 1610 1021 1646 !

145 1673 189 1704 tu
211 1667 329 1704 modo
348 1679 466 1716 posce
486 1665 581 1703 deos
602 1668 771 1711 veniam,
790 1666 986 1714 sacrisque
1005 1664 1131 1700 litatis
1277 1666 1326 1699 50

147 1721 312 1769 indulge
333 1720 505 1769 hospitio
525 1731 740 1768 causasque
759 1721 921 1755 innecte
941 1716 1134 1761 morandi,

146 1775 241 1810 dum
263 1774 404 1823 pelago
423 1773 602 1810 desaevit
621 1772 748 1808 hiems
767 1777 808 1809 et
828 1784 996 1820 aquosus
1016 1771 1155 1815 Orion,

148 1834 435 1878 quassataeque
456 1832 572 1871 rates,
592 1826 687 1862 dum
706 1838 786 1862 non
806 1824 1017 1861 tractabile
1037 1822 1228 1861 caelum.”

275 1890 303 1909 25
372 1892 377 1897 ·

278 1934 306 1953 ²5
325 1892 441 1965 ’1111ιῆἶὲ
454 1891 568 1971 Ilssvt‘r'Pl³
579 1932 752 1973 preferred
768 1932 806 1971 by
823 1931 975 1962 Servius:
1000 1931 1103 1962 Eribo
1122 1931 1157 1960 R.

277 1977 305 1995 ³⁶
330 1977 436 2016 Libya
454 1975 509 2007 Pl.
823 1975 850 1992 ⁴⁰
875 1974 1089 2005 intractabile
1106 1975 1143 2005 R.

279 2018 307 2038 ⁵¹
333 2021 480 2059 hospitio
498 2024 531 2050 et
548 2028 665 2050 causas
682 2017 734 2050 F:
748 2028 827 2056 -que
843 2016 972 2048 omitted
990 2017 1025 2047 F.

151 2068 225 2106 398
