1430 2335
718 90 772 126 VI
780 89 911 127 RGIL

223 170 283 203 sin
302 171 482 203 armenta
503 168 626 214 magis
645 165 822 202 studium
842 164 1065 214 vitulosque
1084 166 1202 209 tueri,
1326 168 1397 206 195

223 226 293 257 aut
311 223 442 256 ovium
464 220 591 256 fetum
612 223 682 255 aut
701 221 853 255 urentis
874 218 981 254 culta
1000 218 1182 266 capellas,

224 274 347 309 saltus
368 279 409 310 et
429 276 550 309 saturi
570 274 699 321 petito
720 272 937 321 longinqua
956 271 1133 316 Tarenti,

225 332 266 363 et
287 326 445 376 qualem
466 326 605 362 infelix
625 328 757 361 am'sit
778 325 943 361 Mantua
965 338 1162 373 campum,

225 385 455 429 pascentem
478 382 612 415 niveos
633 379 801 415 herboso
822 378 980 414 flumine
1001 391 1168 426 cycnos:

225 447 305 469 non
325 432 463 482 liquidi
481 433 668 481 gregibus
689 432 834 477 fontes,
847 444 925 468 non
942 434 1120 480 gramina
1140 431 1300 476 derunt,
1322 434 1397 467 ⁶200

228 492 269 523 et
288 491 481 536 quantum
504 486 631 534 longis
652 489 817 534 carpent
836 489 1017 520 armenta
1035 485 1189 530 diebus,

226 542 369 589 exigua
388 544 543 576 tantum
565 538 722 587 gelidus
743 552 803 575 ros
823 543 943 574 nocte
964 543 1142 586 reponet.

225 596 337 643 nigra
357 593 441 629 fere
462 598 504 629 et
523 605 655 641 presso
674 594 830 640 pinguis
849 592 922 627 sub
943 604 1101 628 vomere
1121 596 1225 628 terra

226 652 268 683 et
287 648 349 682 cui
370 650 485 695 putre
506 646 632 682 solum
651 647 836 694 (namque
858 645 932 680 hoc
953 646 1153 680 imitamur
1171 641 1352 694 arando),

226 702 376 748 optima
397 699 604 735 frumentis
621 711 629 734 ε
657 712 737 734 non
757 698 838 734 ullo
859 711 906 734 ex
926 710 1097 747 aequore
1117 710 1255 734 cernes
1322 700 1396 732 205

226 754 338 802 plura
357 753 517 788 domum
538 751 659 788 tardis
680 751 877 788 decedere
896 752 1071 800 plaustra
1089 753 1266 787 iuvencis
1284 762 1293 786 ι

226 811 295 842 aut
316 806 421 842 unde
441 809 562 841 iratus
580 805 717 841 silvam
737 805 900 841 devexit
917 809 1046 840 arator

227 865 269 896 et
289 872 449 896 nemora
469 861 611 895 evertit
632 859 778 894 multos
797 860 940 907 ignava
959 870 1030 906 per
1047 870 1184 904 annos,

225 915 489 962 antiquasque
508 911 645 948 domos
664 915 793 948 avium
815 924 903 948 cum
924 911 1112 959 stirpibus
1134 913 1221 948 imis

227 969 351 1009 eruit3
382 966 473 1002 illae
492 965 618 1001 altum
638 965 740 1001 nidis
761 967 915 1014 petiere
937 964 1098 1010 relictis,
1324 967 1399 1000 210

226 1025 267 1055 at
286 1019 392 1055 rudis
413 1021 559 1056 enituit
578 1018 748 1068 impulso
768 1031 926 1054 vomere
947 1030 1117 1066 campus.

226 1086 318 1108 nam
336 1075 468 1109 ieiuna
488 1071 647 1121 quidem
668 1071 802 1108 clivosi
821 1071 954 1120 glarea
972 1073 1070 1107 ruris

226 1129 291 1162 vix
311 1125 468 1162 humilis
487 1126 625 1174 apibus
645 1128 766 1161 casias
786 1136 992 1173 roremque
1012 1126 1224 1169 ministrat,

228 1184 270 1216 et
288 1179 394 1216 tofus
416 1179 552 1215 scaber
572 1184 614 1215 et
634 1182 756 1226 nigris
776 1191 892 1215 exesa
912 1177 1109 1226 chelydris

226 1237 334 1269 creta
354 1237 506 1280 negant
524 1232 621 1268 alios
639 1244 764 1281 aeque
784 1232 1036 1279 serpentibus
1055 1243 1169 1279 agros
1323 1234 1396 1267 ⁶215

226 1285 385 1322 dulcem
406 1286 508 1322 serre
529 1286 661 1321 cibum
682 1290 724 1321 et
746 1297 880 1321 curvas
902 1284 1091 1333 praebere
1114 1284 1297 1322 latebras.
1319 1296 1398 1320 MPR

226 1352 328 1388 quae
348 1344 513 1375 tenuem
534 1338 694 1374 exhalat
713 1338 900 1374 nebulam
922 1338 1130 1386 fumosque
1151 1336 1328 1372 volucres

227 1398 268 1429 et
288 1393 389 1429 bibit
407 1405 585 1429 umorem
605 1397 660 1437 et,
681 1405 770 1428 cuni
789 1391 883 1435 volt,
906 1403 954 1427 ex
974 1403 1015 1427 se
1035 1393 1119 1439 ipsa
1138 1392 1321 1435 remittit,

228 1459 409 1495 quaeque
429 1459 500 1482 suo
521 1458 678 1493 semper
697 1444 831 1481 viridis
851 1457 892 1480 se
913 1446 1093 1493 gramine
1114 1445 1248 1488 vestit,

225 1512 300 1535 nec
318 1501 448 1536 scabie
469 1504 509 1535 et
530 1499 630 1535 salsa
651 1498 776 1534 laedit
796 1498 978 1546 robigine
998 1496 1162 1543 ferrum,
1323 1500 1398 1531 220

224 1553 292 1588 illa
311 1552 384 1588 tibi
403 1552 516 1588 laetis
535 1555 692 1588 intexet
711 1552 854 1587 vitibus
874 1551 1013 1594 ulmos,

225 1605 291 1641 illa
312 1607 419 1642 ferax
441 1605 528 1641 oleo
549 1610 622 1650 est,
645 1604 752 1640 illam
769 1606 973 1652 experiere
993 1603 1163 1639 colendo

226 1663 268 1694 et
286 1659 445 1695 facilem
467 1661 598 1708 pecori
619 1663 660 1694 et
680 1660 902 1706 patientem
922 1659 1090 1700 vpmeris
1112 1658 1213 1694 unci·

226 1712 348 1748 talem
370 1712 481 1748 dives
500 1717 585 1747 arat
606 1712 738 1759 Capua
757 1716 800 1748 et
818 1713 947 1746 vicina
967 1710 1144 1746 Vesaevo

224 1778 291 1801 ora
311 1768 404 1814 iugo
423 1770 465 1802 et
485 1768 616 1801 vacuis
637 1764 796 1801 Clanius
814 1777 893 1800 non
912 1776 1060 1813 aequus
1081 1764 1250 1800 Acerris.
1325 1767 1399 1799 225

268 1876 314 1895 1⁹⁰
340 1878 428 1908 fetus
447 1878 491 1915 M,
510 1877 677 1914 Priscian,
692 1877 834 1907 Nonius.
1087 1873 1133 1892 ²⁰²
1158 1875 1291 1915 reponit
1308 1876 1356 1906 M.

268 1919 316 1937 ²⁰⁴
340 1920 495 1950 imitatur
513 1919 577 1951 llll.
685 1918 729 1937 ²1⁹
756 1919 858 1950 viridi
876 1917 978 1949 MSS.
1083 1916 1130 1935 ²²⁰
1154 1920 1213 1949 auh
1228 1916 1294 1949 M2.

268 1961 313 1980 ²²¹
339 1962 466 1994 iniexit
485 1962 522 1993 Ρ.
685 1960 732 1979 ²²²
756 1962 848 1993 oleae
867 1961 912 1992 M.

229 2037 300 2069 130
