1430 2335
664 82 855 119 VIRGIL

173 162 377 196 intentans
395 162 535 208 anguis
550 165 663 196 vocat
681 163 840 209 agmina
856 174 970 198 saeva
989 174 1173 198 sororum.

172 218 257 249 tum
274 213 434 249 demum
455 213 656 250 horrisono
675 214 890 251 stridentes
910 215 1070 251 cardine
1090 227 1220 251 sacrae

173 266 403 315 panduntur
423 272 570 316 portae.
629 270 768 313 cernis,
789 268 968 304 custodia
987 268 1111 317 qualis

173 320 369 356 vestibulo
389 320 541 366 sedeat,
555 320 675 357 facies
696 334 796 370 quae
816 321 952 357 limina
971 323 1131 358 servet?
1274 322 1346 360 575

173 376 462 423 quinquaginta
482 377 577 411 atris
597 377 778 411 immanis
801 374 972 411 hiatibus
996 375 1136 424 Hydra

173 430 322 463 saevior
343 430 449 464 intus
469 427 592 465 habet
610 428 757 465 sedem.
815 434 901 465 tum
926 429 1111 465 Tartarus
1131 431 1214 477 ipse

173 482 232 517 bis
251 486 364 530 patet
384 484 424 517 in
444 494 633 531 praeceps
653 487 811 518 tantum
830 482 1044 531 tenditque
1065 483 1136 518 sub
1156 481 1328 527 umbras,

174 540 344 584 quantus
364 534 413 571 ad
432 535 654 572 aetherium
675 535 773 572 caeli
792 542 997 585 suspectus
1018 535 1245 585 Olympum.

174 588 237 624 hic
257 601 383 637 genus
402 592 611 639 antiquum
630 589 788 635 Terrae,
808 589 964 626 Titania
984 590 1122 638 pubes,
1274 589 1349 627 580

173 641 340 679 fulmine
360 642 506 680 deiecti
525 642 649 679 fundo
669 643 880 680 volvuntur
899 646 940 679 in
960 646 1048 680 imo.

174 695 237 731 hic
258 701 299 732 et
320 696 481 734 Aloidas
500 699 680 746 geminos
698 699 884 733 immania
903 697 983 733 vidi

175 762 348 798 corpora,
369 753 436 799 qui
455 751 635 787 manibus
654 764 843 800 magnum
863 750 1086 787 rescindere
1107 749 1260 788 caelum

174 803 350 852 adgressi
369 807 599 854 superisque
621 804 756 841 Iovem
775 804 989 842 detrudere
1010 807 1152 853 regnis.

174 857 254 893 vidi
276 862 317 894 et
337 858 507 895 crudelis
527 858 691 894 dantem
712 858 921 895 Salmonea
941 871 1100 907 poenas,
1275 857 1349 894 585

175 911 269 947 dum
290 910 463 948 flammas
485 911 587 948 Iovis
608 917 649 948 et
669 914 820 949 sonitus
840 915 1018 948 imitatur
1039 912 1212 961 Olympi.

175 970 362 1014 quattuor
381 964 445 1002 hic
464 967 644 1002 invectus
665 968 776 1015 equis
797 971 838 1002 et
856 965 1040 1014 lampada
1059 977 1245 1014 quassans

175 1031 246 1067 per
267 1019 429 1055 Graium
450 1019 616 1068 populos
635 1019 870 1068 mediaeque
892 1032 962 1068 per
982 1019 1107 1055 Elidis
1126 1019 1265 1055 urbem

175 1072 258 1108 ibat
279 1086 411 1118 ovans,
432 1073 645 1122 divumque
666 1074 740 1109 sibi
760 1074 949 1122 poscebat
969 1072 1172 1117 honorem,
1247 1083 1350 1107 FMPR

175 1125 353 1171 demens,
374 1129 440 1176 qui
461 1127 614 1163 nimbos
642 1132 683 1163 et
703 1140 783 1162 non
804 1126 995 1163 imitabile
1017 1126 1168 1162 fulmen
1278 1126 1351 1162 590

175 1192 264 1216 aere
286 1185 327 1216 ct
347 1180 603 1229 cornipedum
623 1180 736 1229 pulsu
758 1180 961 1217 simularet
981 1193 1181 1229 equorum.

175 1238 217 1270 at
236 1239 350 1282 pater
369 1237 622 1283 omnipotens
643 1234 765 1271 densa
785 1237 890 1271 inter
909 1233 1045 1270 nubila
1066 1233 1192 1270 telum

176 1291 380 1333 contorsit,
402 1300 481 1323 non
501 1287 568 1324 ille
595 1287 700 1324 faces
720 1300 795 1324 nec
815 1287 948 1324 fumea
967 1287 1095 1324 taedis

176 1341 339 1386 lumina,
358 1343 696 1390 praecipitemque
717 1344 878 1377 immani
899 1341 1058 1377 turbine
1078 1340 1224 1389 adegit.

176 1407 250 1431 nec
270 1408 350 1431 non
371 1400 412 1431 et
433 1394 592 1444 Tityon,
612 1395 758 1432 Terrae
779 1397 1063 1443 omniparentis
1082 1394 1299 1438 alumnum,

177 1461 339 1485 cernere
361 1454 459 1494 erat,
479 1462 550 1497 per
569 1453 655 1486 tota
674 1462 816 1485 novem
837 1452 899 1484 cui
920 1451 1056 1497 iugera
1076 1461 1215 1497 corpus
1279 1448 1351 1485 596

176 1505 401 1551 porrigitur,
418 1507 622 1552 rostroque
642 1505 823 1539 immanis
843 1502 973 1538 voltur
991 1503 1145 1538 obunco

176 1556 398 1593 immortale
418 1558 526 1592 iecur
546 1556 716 1593 tondens
736 1556 985 1605 fecundaque
1006 1558 1142 1605 poenis

177 1612 338 1654 viscera,
358 1612 601 1659 rimaturque
623 1610 763 1659 epulis,
782 1610 1016 1658 habitatque
1037 1610 1108 1646 sub
1127 1609 1209 1646 alto

178 1669 355 1712 pectore,
375 1676 448 1700 nec
470 1663 574 1699 fibris
594 1666 749 1713 requies
770 1663 887 1699 datur
906 1663 986 1699 ulla
1007 1665 1163 1699 renatis.
1280 1663 1354 1700 600

178 1717 271 1765 quid
293 1730 509 1753 memorem
532 1717 734 1766 Lapithas,
758 1717 894 1752 Ixiona
916 1716 1226 1766 Pirithoumque,

392 1778 437 1797 ⁵⁸⁰
460 1778 572 1819 proles
589 1779 626 1809 R.
806 1777 850 1797 ⁵³⁶
873 1776 1043 1808 flammam
1058 1777 1095 1809 P.

392 1821 435 1840 ⁵9¹
460 1832 560 1852 cursu
579 1821 721 1852 F2M2R.
771 1820 949 1852 siumlarat
967 1821 1022 1852 F2.

392 1864 435 1883 ⁵⁹⁵
459 1865 706 1905 omnipotentis
724 1864 839 1902 Elim,
858 1865 999 1895 Nonius.

393 1907 435 1926 ⁵⁹⁷
458 1907 591 1938 abunco
608 1907 701 1939 FRc:
726 1907 860 1938 adunco
876 1907 941 1947 Ρ-γ.

223 1987 235 2006 1
259 1988 267 1999 ,

223 2031 235 2049 ²
259 1987 481 2062 {bbd'x?gssgrs
497 2030 617 2068 below,
638 2030 707 2061 this
725 2031 840 2072 region
857 2030 891 2061 of
908 2030 1007 2072 light,
1027 2040 1088 2061 our
1105 2028 1224 2068 world,
1241 2028 1354 2060 would

181 2092 252 2129 546
