1430 2335
666 73 856 110 VIRGIL

173 151 342 188 Saturno
361 151 574 200 quondam,
594 165 712 200 super
733 157 774 188 et
794 152 1052 189 Garamantas
1068 158 1110 189 et
1132 153 1250 189 Indos

171 213 346 261 proferet
366 216 573 261 imperium
596 213 717 264 (iacet
738 219 848 250 extra
869 214 997 250 sidera
1016 214 1149 260 tellus,
1274 215 1347 252 795

171 280 284 310 extra
303 277 395 310 anni
418 275 589 324 solisque
610 278 703 320 vias,
723 276 788 311 ubi
811 275 972 312 caelifer
991 276 1104 312 Atlas

169 349 283 372 axem
304 349 440 373 umero
458 341 620 386 torquet
640 337 765 373 stellis
786 337 1016 374 ardentibus
1036 336 1216 387 aptum):

171 398 284 434 huius
305 401 346 433 in
365 398 583 434 adventum
605 401 682 434 iam
702 412 808 434 nunc
828 404 870 435 et
890 399 1027 447 Caspia
1049 412 1172 448 regna

170 463 367 508 responsis
388 460 554 496 horrent
573 460 708 496 divum
730 466 771 496 et
794 461 967 496 Maeotia
986 461 1118 505 tellus,

169 526 211 558 et
230 524 539 570 septemgemini
560 523 725 558 turbant
745 522 902 570 trepida
922 525 1020 558 ostia
1042 522 1132 558 Nili.
1273 524 1349 560 8οΟ

169 596 242 619 nec
264 596 357 619 vero
378 583 539 620 Alcides
559 589 717 620 tantum
737 583 892 620 telluris
911 584 1047 629 obivit,

169 645 298 681 fixerit
317 645 543 694 aeripedem
565 658 720 681 cervam
739 645 846 690 licet,
866 650 935 681 aut
956 645 1191 695 Erymanthi

169 710 319 755 pacarit
339 720 514 752 nemora,
535 712 577 743 et
598 707 769 743 Lernam
789 706 1061 744 tremefecerit
1081 721 1170 744 arcu
1188 721 1197 751 ;

169 782 242 804 nec
263 771 330 818 qui
351 771 571 817 pampineis
592 772 715 805 victor
735 771 826 816 iuga
846 768 971 805 flectit
991 768 1155 805 habenis

171 830 303 875 Liber,
322 844 444 879 agens
466 830 572 866 celso
594 831 725 879 Nysae
745 830 796 866 de
816 833 966 866 vertice
986 833 1111 880 tigris.
1275 831 1348 869 805

170 897 212 928 et
232 892 460 928 dubitamus
479 892 609 928 adhuc
630 895 819 928 virtutem
841 891 1059 928 extendere
1081 892 1206 937 factis,

169 959 237 990 aut
256 959 388 990 metus
411 954 585 990 Ausonia
604 953 791 1002 prohibet
811 956 1027 990 consistere
1047 955 1180 990 terra?

221 1019 248 1036 “
263 1015 361 1061 Quis
382 1015 517 1064 procul
539 1015 606 1052 ille
626 1021 760 1051 autem
784 1018 898 1051 ramis
919 1018 1083 1064 insignis
1104 1016 1229 1053 olivae

169 1090 277 1114 sacra
296 1077 457 1114 ferens?
514 1090 633 1113 nosco
653 1079 770 1113 crinis
790 1079 1009 1126 incanaque
1030 1083 1165 1114 menta

170 1142 274 1187 regis
297 1140 475 1185 Romani,
496 1142 661 1188 primam
682 1141 749 1188 qui
769 1138 924 1187 legibus
946 1139 1084 1175 urbem
1274 1140 1350 1177 810

171 1201 368 1246 fundabit,
390 1201 555 1237 Curibus
576 1203 704 1249 parvis
725 1206 767 1236 et
787 1213 961 1249 paupere
982 1205 1087 1236 terra

169 1265 308 1299 missus
328 1265 368 1298 in
389 1265 596 1311 imperium
618 1275 817 1311 magnum.
877 1265 938 1298 cui
959 1262 1105 1299 deinde
1126 1263 1274 1299 subibit

170 1327 249 1360 otia
270 1327 336 1374 qui
356 1329 515 1373 rumpet
536 1327 686 1373 patriae
707 1323 937 1373 residesque
956 1324 1133 1360 movebit

171 1385 309 1422 Tullus
330 1388 370 1421 in
390 1399 498 1421 arma
517 1388 618 1421 viros
639 1390 681 1421 et
700 1387 777 1421 iam
796 1385 963 1422 desueta
981 1386 1192 1435 triumphis

170 1449 341 1495 agmina.
398 1459 518 1496 quem
539 1449 648 1483 iuxta
669 1449 848 1495 sequitur
867 1449 1076 1483 iactantior
1097 1448 1246 1493 Ancus,
1275 1449 1349 1486 815

171 1523 277 1545 nunc
312 1522 469 1559 quoque
501 1512 577 1545 iam
610 1511 775 1545 nimium
809 1508 988 1558 gaudens
1027 1509 1279 1558 popularibus

276 1574 390 1607 auris.

173 1635 228 1670 vis
247 1638 291 1670 et
309 1632 543 1682 Tarquinios
565 1645 691 1681 reges,
713 1635 963 1682 animamque
983 1634 1192 1682 superbam

172 1695 310 1732 ultoris
331 1694 443 1731 Bruti
464 1694 657 1744 fascisque
679 1694 812 1731 videre
833 1696 1042 1744 receptos?

173 1757 342 1793 consulis
362 1760 572 1806 imperium
593 1757 655 1793 hic
675 1759 824 1806 primus
843 1769 1055 1807 saevasque
1076 1760 1222 1793 securis

217 1843 261 1861 ⁸⁰³
284 1847 425 1883 pacaret
442 1842 531 1873 3111?
544 1856 553 1874 .·
576 1842 724 1883 placarit
742 1842 797 1874 Istc.

217 1885 260 1903 *²¹³⁶
286 1886 452 1916 virtutem
476 1910 482 1917 .
512 1910 518 1916 .
551 1910 555 1915 .
580 1886 681 1916 saetis
712 1885 765 1922 M,
798 1884 958 1917 Servius:
996 1884 1128 1916 virtute
1152 1909 1159 1916 .
1188 1909 1195 1916 .
1224 1909 1231 1916 .
1261 1885 1349 1915 vires

175 1927 272 1958 PRc:
296 1929 464 1959 virtutem
489 1953 495 1960 .
524 1952 531 1958 .
557 1953 563 1959 .
593 1929 681 1959 vires
695 1928 742 1968 7¹.

219 1970 263 1990 ⁸¹⁹
287 1971 436 2012 primum
452 1971 504 2003 M.

176 2032 248 2069 562
