1430 2335
698 90 894 130 VIRGIL

723 210 867 235 MOERIS

205 267 412 312 Audieras,
432 271 474 304 et
493 266 596 303 fama
615 267 715 311 fuit3
743 267 814 303 sed
833 269 1005 303 carmina
1024 271 1182 304 tantum

204 327 338 357 nostra
358 320 506 365 valent,
527 319 690 368 Lycida,
710 320 794 357 tela
812 323 919 357 inter
942 321 1098 365 Martia,
1119 324 1312 369 quantum

205 374 398 410 Chaonias
419 373 559 410 dicunt
578 373 710 423 aquila
729 375 918 410 veniente
938 374 1152 410 columbas.

204 428 311 476 quod
331 429 406 463 nisi
426 439 490 463 me
511 439 759 476 quacumque
779 439 900 464 novas
919 426 1097 463 incidere
1116 427 1207 463 lites

204 486 299 517 ante
319 482 478 516 sinistra
497 493 591 515 cava
608 482 828 516 monuisset
846 480 895 516 ab
915 479 1006 517 ilice
1025 482 1175 524 cornix,
1337 482 1383 515 15

203 546 279 571 nec
298 538 390 571 tuus
409 532 475 569 hie
496 533 657 579 Moeris,
676 546 751 570 nec
771 536 925 570 viveret
944 535 1028 583 ipse
1049 531 1262 569 Menalcas.

713 662 875 687 LYCIDAS

208 719 315 765 Heu,
343 719 451 756 cadit
478 722 519 756 in
548 733 791 770 quemquam
818 725 977 757 tantum
1005 719 1162 757 scelus?
1200 719 1291 764 heu,
1317 723 1383 756 tua

311 773 424 809 nobis

204 839 332 875 paene
352 827 466 863 simul
487 831 622 863 tecum
643 826 786 863 solacia
806 832 931 876 rapta,
952 827 1164 864 Menalca?

205 882 291 929 quis
328 885 491 916 caneret
526 879 762 930 Nymphas?
818 883 905 929 quis
952 880 1117 917 humum
1155 879 1387 916 florentibus

312 932 445 970 herbis

205 991 413 1035 spargeret
432 991 502 1023 aut
522 987 637 1023 viridi
658 987 779 1024 fontis
800 986 1009 1023 induceret
1029 986 1199 1023 umbra?
1335 989 1384 1021 20

205 1039 269 1075 vel
289 1052 390 1088 quae
409 1041 567 1089 sublegi
585 1043 731 1077 tacitus
751 1041 825 1077 tibi
846 1042 1018 1076 carmina
1036 1052 1177 1089 nuper,

205 1106 296 1129 cum
315 1098 357 1129 te
377 1092 428 1129 ad
446 1092 608 1130 delicias
627 1093 765 1139 ferres,
785 1092 1047 1143 Amaryllida,
1066 1092 1248 1130 nostras?

206 1149 230 1167 “
245 1145 398 1194 Tityre,
417 1145 513 1183 dum
532 1147 652 1183 redeo
672 1145 820 1197 (brevis
840 1151 902 1183 est
921 1145 1001 1196 via)
1020 1159 1137 1196 pasce
1158 1143 1343 1194 capellas,

206 1204 249 1236 et
266 1204 406 1248 potum
425 1205 557 1249 pastas
576 1213 664 1249 age,
684 1199 716 1235 T
719 1203 834 1248 ityre,
854 1204 896 1236 et
916 1202 1023 1237 inter
1041 1199 1243 1248 agendum

206 1265 410 1290 occursare
431 1265 548 1302 capro
567 1252 706 1305 (cornu
728 1253 822 1290 ferit
839 1251 926 1304 ille)
946 1251 1124 1292 caveto.”
1337 1254 1386 1286 25

725 1341 870 1367 MOERIS

208 1395 335 1433 Immo
356 1396 466 1441 haec,
488 1409 588 1447 quae
610 1397 713 1434 Varo
734 1398 906 1434 necdum
926 1395 1108 1446 perfecta
1128 1398 1320 1434 canebat:

206 1455 229 1471 “
244 1451 360 1495 vare,
380 1455 494 1487 tuum
514 1464 677 1496 nomen,
698 1456 862 1500 superet
879 1449 1000 1486 modo
1020 1450 1186 1487 Mantua
1207 1452 1335 1497 nobis,

212 1503 378 1539 Mantua
395 1516 466 1540 vae
487 1506 654 1540 miserae
674 1507 841 1541 nimium
860 1505 991 1541 vicina
1011 1502 1241 1548 Cremonae,

208 1561 415 1593 cantantes
436 1556 605 1594 sublime
625 1556 760 1594 ferent
779 1557 830 1594 ad
849 1557 978 1594 sidera
994 1555 1148 1607 cycni.”

717 1643 805 1668 LYCI
811 1645 833 1668 D
840 1644 880 1668 As

208 1700 273 1738 Sic
291 1705 362 1737 tua
381 1699 555 1749 Cyrneas
575 1700 734 1750 fugiant
754 1703 934 1737 examina
955 1706 1079 1746 taxos,
1338 1705 1388 1738 30

206 1756 262 1790 sie
282 1756 407 1802 cytiso
428 1758 564 1802 pastae
586 1754 822 1791 distendant
841 1755 959 1791 ubera
979 1766 1144 1791 vaccae:

207 1808 352 1855 incipe,
373 1808 404 1842 si
420 1806 514 1855 quid
534 1806 667 1844 habes.
725 1812 768 1844 et
788 1820 853 1844 me
873 1808 1004 1844 fecere
1023 1812 1182 1857 poetam

208 1857 399 1907 Pierides,
419 1865 513 1897 sunt
533 1865 575 1896 et
594 1859 694 1896 mihi
713 1863 901 1907 carmina,
919 1873 984 1897 me
1004 1873 1159 1911 quoque
1179 1859 1319 1898 dicunt

422 1932 452 1951 ¹⁷
476 1934 576 1966 cadet
590 1935 630 1966 P.
939 1932 969 1953 ²⁹
992 1935 1105 1966 ferant
1120 1933 1178 1968 P2.

422 1975 452 1994 ³⁰
478 1975 651 2016 Grynaeas
669 1975 768 2016 31²1),
786 1977 892 2009 Bes-ne
908 1977 1049 2010 Scholia.

208 2029 259 2067 66
