1430 2335
663 109 854 148 VIRGIL

169 185 261 222 talia
280 185 384 222 fatus
405 190 503 232 erat,
523 188 659 236 coepit
678 199 768 223 cum
788 186 883 223 talia
903 200 948 222 va
957 191 1038 223 tes:

168 252 190 269 “
205 248 309 284 unde
329 247 442 294 haee,
461 261 484 284 o
507 248 701 294 Palinure,
722 248 796 285 tibi
816 252 898 284 tam
919 248 1003 285 dira
1022 248 1198 298 cupido?

167 315 210 346 tu
232 309 390 359 Stygias
410 309 640 347 inhumatus
660 323 780 360 aquas
799 323 1038 360 amnemque
1058 322 1240 347 severum

167 371 435 408 Eumenidum
455 374 620 420 aspicies
644 374 822 421 ripamve
842 374 1013 408 iniussus
1033 372 1160 409 adibis
1177 373 1191 408 ?
1269 374 1345 411 375

168 433 306 470 desine
326 433 408 470 fata
427 433 548 470 deum
567 433 673 471 flecti
692 446 851 483 sperare
871 433 1085 483 precando.

168 495 238 532 sed
259 508 354 545 cape
374 495 483 532 dicta
501 509 664 541 memor,
686 496 773 533 duri
794 495 936 532 solacia
955 509 1089 533 casus:

167 571 259 594 nam
280 562 348 594 tua
369 557 542 604 finitimi,
560 557 681 607 longe
703 558 865 607 lateque
887 571 958 607 per
978 558 1096 595 urbes

168 619 359 669 prodigiis
378 621 458 656 aeti
478 619 733 666 caelestibus,
753 633 839 656 ossa
860 620 1028 670 piabunt

169 686 210 718 et
226 686 405 718 statuent
418 681 617 718 tumulum
632 687 672 718 et
688 681 842 718 tumulo
856 681 1063 718 sollemnia
1075 683 1255 728 mittent,
1273 685 1349 718 380

168 748 458 793 aeternumque
478 744 587 780 locus
609 743 783 780 Palinuri
803 756 951 781 nomen
972 743 1176 780 habebit.''

168 805 230 842 his
250 805 368 842 dictis
387 819 504 842 curae
526 811 696 851 emotae,
718 806 933 855 pulsusque
955 818 1167 855 parumper

170 868 288 904 corde
308 867 420 904 dolor
440 870 543 904 tristi
559 880 567 911 ;
597 868 747 917 gaudet
768 870 1004 917 cognomine
1025 873 1166 905 terrae.

221 930 327 978 Ergo
339 931 416 966 iter
428 932 634 979 inceptum
648 934 846 978 peragunt
859 929 1053 979 fluvioque
1067 932 1348 979 propinquant.

170 994 303 1028 navita
323 1004 420 1041 quos
440 994 518 1027 iam
539 991 633 1028 inde
649 996 694 1028 ut
707 989 846 1040 Stygia
866 993 1072 1040 prospexit
1084 992 1134 1029 ab
1150 991 1257 1028 unda
1274 996 1348 1028 385

171 1067 242 1103 per
261 1056 430 1090 tacitum
450 1066 590 1090 nemus
610 1056 666 1090 ire
689 1053 913 1103 pedemque
935 1053 1145 1091 advertere
1166 1056 1288 1103 ripae,

171 1118 224 1152 sic
245 1117 350 1164 prior
369 1114 605 1164 adgreditur
626 1115 743 1152 dictis
763 1120 884 1164 atque
905 1118 1086 1164 increpat
1105 1115 1209 1152 ultro
1226 1128 1233 1152 :

173 1182 196 1198 “
213 1179 388 1227 quisquis
409 1190 464 1223 es,
483 1182 660 1214 armatus
681 1179 747 1227 qui
768 1182 904 1214 nostra
924 1177 974 1213 ad
994 1176 1157 1213 flumina
1176 1177 1324 1224 tendis,

171 1239 253 1276 fare
267 1252 354 1288 age,
368 1239 464 1289 quid
478 1241 624 1285 venias,
638 1241 715 1275 iam
729 1242 860 1285 istinc,
874 1244 915 1276 et
928 1242 1145 1289 comprime
1159 1252 1350 1289 gressum.

172 1302 400 1338 umbrarum
420 1300 484 1338 hic
503 1300 612 1338 locus
632 1306 705 1346 est,
727 1300 865 1338 Somni
887 1301 1106 1351 Noctisque
1128 1315 1314 1351 soporae3

172 1376 335 1412 corpora
357 1366 441 1399 viva
461 1362 573 1400 nefas
593 1362 733 1413 Stygia
752 1367 911 1400 vectare
931 1366 1074 1400 carina.
1276 1367 1347 1406 391

171 1439 246 1462 nec
266 1438 359 1461 vero
380 1424 551 1461 Alciden
571 1438 635 1462 me
655 1438 741 1461 sum
760 1424 931 1462 laetatus
952 1430 1115 1461 euntem

172 1490 370 1536 accepisse
390 1486 477 1523 lacu
498 1499 572 1523 nec
592 1486 748 1523 Thesea
770 1486 1079 1536 Pirithoumque,
1251 1501 1354 1525 FMPR

171 1549 231 1585 dis
252 1562 489 1599 quamquam
510 1551 637 1597 geniti
657 1553 779 1598 atque
799 1551 936 1586 invicti
957 1549 1101 1585 viribus
1123 1556 1265 1587 essent.

172 1611 405 1648 Tartareum
423 1610 490 1647 ille
510 1623 628 1646 manu
649 1609 855 1647 custodem
874 1613 916 1646 in
936 1610 1063 1646 vincla
1080 1614 1238 1661 petivit,
1279 1615 1353 1654 395

146 1694 154 1701 ·
172 1676 293 1722 ipsius
313 1686 335 1708 a
355 1672 450 1709 solio
470 1675 588 1720 regis,
608 1674 809 1722 traxitque
829 1677 1095 1717 trementem3

173 1735 213 1771 hi
234 1734 436 1771 dominam
458 1733 563 1770 Ditis
584 1733 760 1770 thalamo
780 1733 980 1771 deducere
999 1733 1167 1771 adorti.”

173 1809 273 1847 quae
294 1801 432 1833 contra
451 1796 626 1832 breviter
645 1794 727 1832 fata
747 1800 809 1832 est
828 1794 1069 1845 Amphrysia
1087 1801 1196 1832 vates
1213 1809 1222 1834 ε

218 1900 265 1920 ³⁷⁵
289 1901 399 1933 abibis
410 1900 584 1941 preferred
601 1901 639 1942 by
656 1901 798 1933 Serv-lm.
891 1898 938 1918 ³⁸³
963 1902 1051 1932 terra
1067 1902 1208 1932 Servius.

218 1943 266 1963 ⁸³⁵
290 1945 467 1982 conspexit
486 1944 534 1976 M.
893 1941 939 1960 ³⁸⁷
964 1943 1160 1981 adloquitur
1177 1944 1214 1976 R.

220 1986 267 2005 ³⁵³
293 1988 410 2018 tendes
424 1987 462 2019 P.
895 1985 943 2005 ⁸⁹⁰
968 1986 1033 2026 est]
1048 1990 1082 2019 et
1096 1987 1136 2019 R.

175 2053 250 2087 532
