1430 2335
693 76 883 117 VIRGIL

203 154 294 192 inde
316 156 381 191 ubi
402 160 538 204 quarta
557 158 662 191 sitim
682 155 780 191 caeli
801 156 1007 205 collegerit
1027 155 1120 192 hora

203 215 244 245 et
264 213 381 245 cantu
403 208 589 257 querulae
609 214 794 257 rumpent
813 209 971 244 arbusta
990 209 1160 252 cicadae,

203 262 251 297 ad
275 266 416 310 puteos
436 266 504 296 aut
524 261 603 297 alta
623 273 765 310 greges
786 261 835 297 ad
856 267 994 309 stagna
1016 262 1160 298 iubebo

204 319 429 351 currentem
450 313 581 363 ilignis
595 319 732 362 potare
753 314 952 350 canalibus
973 315 1117 351 undam
1137 327 1145 358 3
1307 318 1383 351 330

204 367 378 403 aestibus
397 372 438 402 at
456 367 598 402 mediis
618 367 840 403 umbrosam
861 370 1066 416 exquirere
1087 367 1242 412 vallem,

204 420 327 456 sicubi
348 433 487 468 magna
510 420 613 456 Iovis
632 422 794 469 antiquo
814 421 952 456 robore
973 434 1137 470 quercus

207 476 379 521 ingentis
400 473 539 509 tendat
561 486 698 515 ramos,
720 479 789 509 aut
809 475 932 510 sicubi
954 477 1110 523 nigrum

204 527 358 562 ilicibus
377 526 522 562 crebris
543 539 648 562 sacra
667 538 805 563 nemus
825 527 992 563 accubet
1011 527 1147 563 umbra
1165 538 1174 570 ;

206 585 291 615 tum
312 582 442 615 tenuis
462 579 554 615 dare
574 592 705 615 rursus
725 593 843 628 aquas
870 585 911 616 et
931 593 1089 628 pascere
1111 593 1239 616 rursus
1307 584 1382 616 335

207 633 297 669 solis
317 632 367 668 ad
388 645 582 677 occasum,
604 645 692 668 cum
711 631 876 682 frigidus
896 638 984 669 ae'ra
1005 646 1144 682 vesper

206 691 418 734 temperat,
439 690 481 722 et
500 686 622 721 saltus
641 684 767 721 reficit
787 688 863 722 iam
883 686 1033 723 roscida
1054 687 1146 723 luna

207 739 402 787 litoraque
423 739 628 788 alcyonem
649 744 848 783 resonant,
868 739 1118 775 acalanthida
1138 739 1258 776 dumi.

260 790 367 835 Quid
389 792 462 827 tibi
478 797 655 840 pastores
676 791 838 841 Libyae,
860 792 955 841 quid
976 806 1118 841 pascua
1140 805 1251 829 versu

207 857 421 893 prosequar
441 850 481 881 et
501 847 596 881 raris
613 845 790 881 habitata
809 847 978 895 mapalia
998 849 1113 882 tectis
1129 846 1142 881 ?
1309 851 1384 883 340

208 911 325 947 saepe
345 898 449 934 diem
472 903 712 947 noctemque
732 903 774 934 et
793 904 922 935 totum
943 912 991 935 ex
1011 899 1149 935 ordine
1170 912 1347 936 mensem

207 954 380 999 pascitur
399 954 509 1001 itque
530 964 650 1000 pecus
669 952 787 1001 longa
808 954 848 988 in
868 952 1025 989 deserta
1045 954 1127 988 sine
1146 953 1236 990 ullis

209 1005 410 1053 hospitiis:
441 1010 598 1040 tantum
619 1008 744 1054 campi
766 1008 877 1041 iacet.
935 1007 1066 1041 omnia
1085 1017 1218 1042 secum

207 1060 466 1094 armentarius
483 1058 581 1094 Aser
599 1061 695 1107 agit,
716 1064 947 1108 tectumque
961 1059 1162 1108 laremque

208 1124 392 1160 armaque
424 1112 762 1161 Amyclaeumque
796 1125 933 1148 canem
964 1112 1218 1162 Cressamque
1247 1112 1384 1162 phare-

315 1170 414 1200 tram
434 1177 442 1207 3
1308 1171 1382 1203 345

209 1231 287 1253 non
309 1231 419 1254 secus
439 1231 483 1253 ac
504 1220 640 1266 patriis
659 1230 749 1254 acer
770 1218 966 1254 Romanus
986 1221 1025 1254 in
1047 1220 1162 1254 armis

210 1273 354 1307 iniusto
375 1271 446 1307 sub
466 1271 570 1307 fasce
592 1274 692 1306 viam
714 1284 802 1307 cum
823 1274 961 1321 carpit,
983 1277 1024 1308 et
1044 1272 1149 1308 hosti

209 1329 301 1360 ante
324 1329 598 1373 exspectatum
619 1327 755 1373 positis
776 1330 853 1361 stat
875 1327 913 1360 in
934 1327 1091 1374 agmine
1113 1327 1257 1361 castris.
1290 1323 1385 1376 [MPR

265 1378 319 1413 At
347 1390 439 1421 non,
469 1390 545 1427 qua
575 1377 762 1427 Scythiae
790 1383 933 1427 gentes
964 1379 1214 1428 Maeotiaque
1243 1378 1361 1421 unda,

208 1430 389 1467 turbidus
410 1435 451 1467 et
470 1436 657 1480 torquens
676 1429 856 1467 flaventis
874 1431 1013 1467 Hister
1032 1431 1210 1477 harenas,
1310 1435 1386 1468 350

207 1497 361 1533 quaque
382 1484 486 1521 redit
506 1484 678 1520 medium
703 1484 893 1533 Rhodope
915 1489 1094 1533 porrecta
1113 1485 1184 1521 sub

311 1550 435 1573 axem.
1282 1550 1384 1574 MPRV

206 1590 286 1626 illic
307 1591 434 1627 clausa
455 1595 597 1627 tenent
617 1591 779 1626 stabulis
799 1595 988 1634 armenta,
1008 1603 1138 1640 neque
1158 1590 1261 1627 ullae

207 1649 275 1679 aut
296 1643 442 1680 herbae
463 1657 601 1692 campo
621 1648 815 1693 apparent
835 1648 903 1680 aut
923 1644 1061 1680 arbore
1082 1643 1266 1688 frondes3

208 1696 277 1732 sed
303 1699 406 1733 iacet
426 1697 638 1746 aggeribus
658 1699 782 1733 niveis
801 1696 979 1733 informis
1000 1702 1040 1733 et
1059 1697 1138 1733 alto

208 1754 313 1785 terra
332 1750 425 1799 gelu
449 1751 530 1786 late
551 1755 785 1799 septemque
805 1749 982 1799 adsurgit
1002 1752 1042 1785 in
1058 1750 1180 1786 ulnas.
1309 1753 1382 1786 355

207 1815 363 1851 semper
383 1803 522 1848 hiems,
542 1816 699 1852 semper
718 1806 914 1852 spirantes
934 1803 1077 1853 frigora
1098 1803 1222 1839 Cauri.

291 1880 334 1900 ³²⁹
363 1882 477 1913 iubeto
493 1880 616 1919 F2JJR,
636 1883 775 1913 Nonius.
1017 1882 1060 1901 ³³1
1085 1886 1143 1913 aut
1160 1880 1284 1914 F1MP.

291 1923 334 1943 ³4⁷
357 1925 469 1956 invito
485 1925 521 1955 F.
563 1926 672 1957 hostis
686 1926 736 1958 P:
759 1927 890 1957 hostem
909 1925 975 1957 Ml.

290 1966 334 1986 ⁸⁴⁸
357 1968 494 2006 agmina
510 1968 551 1999 P.

210 2024 280 2060 178
