1430 2335
650 88 841 126 VIRGIL

152 178 269 215 quam
289 164 486 201 tumulum
506 165 692 213 antiquae
712 164 864 202 Cereris
885 164 1099 216 sedemque
1119 171 1310 203 sacratam

152 221 343 256 venimus,
401 217 465 253 hic
485 217 647 254 demum
666 218 846 255 collectis
865 219 1047 256 omuibus
1067 233 1145 256 una

151 272 293 318 defuit,
314 276 356 308 et
375 274 538 307 comites
556 276 772 321 natumque
791 274 996 322 virumque
1013 272 1169 310 fefellit.

151 338 271 375 quem
290 338 370 361 non
389 327 561 361 incusavi
581 338 716 362 amens
736 322 1019 376 hominumque
1038 326 1292 377 deorumque,

150 384 219 415 aut
239 378 334 428 quid
355 381 394 414 in
415 390 550 414 eversa
568 378 650 413 vidi
672 378 870 416 crudelius
889 380 1014 417 urbe?
1253 379 1329 419 746

151 433 368 469 Ascanium
388 431 671 481 Anchisenque
691 436 845 481 patrem
865 432 1114 483 Teucrosque
1136 434 1293 472 Penatis

153 485 388 522 commendo
407 487 519 521 sociis
539 490 579 522 et
600 498 716 521 curva
735 485 837 522 valle
856 487 1052 531 recondo;

152 543 238 589 ipse
258 540 397 576 urbem
418 543 556 587 repeto
576 543 618 575 et
637 541 777 588 cingor
791 537 1038 589 fulgentibus
1052 543 1180 580 armis.

153 598 233 629 stat
252 606 362 629 casus
381 604 572 629 renovare
591 594 717 628 omnis
736 605 975 643 omnemque
994 598 1141 632 reverti
1255 596 1331 634 750

153 659 225 696 per
243 646 400 682 Troiam
422 650 463 682 et
482 658 615 682 rursus
634 650 753 694 caput
773 646 973 684 obiectare
992 649 1161 696 periclis.

154 702 350 749 principio
369 712 502 736 muros
520 699 763 749 obscuraque
782 700 919 736 limina
939 706 1091 750 portae,

154 767 232 803 qua
251 766 431 803 gressum
452 752 685 798 extuleram,
705 758 845 801 repeto
865 758 907 791 et
926 756 1090 804 vestigia
1111 760 1216 792 retro

153 808 360 843 observata
379 819 521 855 sequor
540 819 610 854 per
629 811 788 843 noctem
808 811 850 843 et
870 807 1019 844 lumine
1039 808 1172 846 lustro.

155 860 291 896 horror
313 860 458 909 ubique
477 862 621 904 animo,
641 859 756 895 simul
776 862 858 909 ipsa
880 861 1038 897 silentia
1058 867 1221 899 terrent.
1255 865 1329 902 755

155 913 248 949 inde
270 913 446 958 domum,
466 915 497 948 si
517 913 619 949 forte
640 913 799 961 pedem,
820 916 851 950 si
871 914 975 951 forte
994 915 1165 961 tulisset,

154 979 218 1003 me
231 966 370 1004 refero.
402 968 607 1003 inruerant
622 966 751 1002 Danai
768 971 810 1004 et
824 972 976 1004 tectum
991 981 1107 1006 omne
1124 970 1329 1008 tenebant.

154 1021 264 1056 ilicet
282 1022 385 1070 ignis
405 1019 505 1055 edax
525 1032 676 1056 summa
695 1020 744 1056 ad
766 1020 922 1070 fastigia
939 1027 1060 1058 vento

156 1074 349 1118 volvitur3
378 1078 618 1122 exsuperant
636 1072 828 1120 flammae,
848 1073 944 1110 furit
963 1080 1093 1112 aestus
1112 1076 1161 1112 ad
1182 1089 1305 1113 auras.

155 1127 328 1177 procedo
348 1131 388 1163 et
410 1126 553 1163 Priami
573 1126 685 1164 sedes
705 1140 914 1177 arcemque
933 1131 1071 1167 reviso.
1256 1128 1332 1169 760

156 1185 198 1218 et
218 1183 295 1217 iam
316 1180 532 1229 porticibus
553 1182 681 1216 vacuis
705 1180 863 1217 Iunonis
882 1181 991 1231 asylo

157 1234 342 1271 custodes
362 1233 457 1270 lecti
478 1233 654 1270 Phoenix
674 1239 716 1270 et
736 1234 842 1271 dirus
865 1234 1002 1272 Ulixes

156 1287 344 1337 praedam
364 1287 638 1324 adservabant.
696 1287 773 1324 huc
794 1288 969 1338 undique
988 1287 1105 1325 Troia
1123 1303 1217 1340 gaza

155 1343 327 1377 incensis
346 1345 485 1390 erepta
503 1340 646 1390 adytis,
665 1353 907 1391 mensaeque
927 1342 1092 1379 deorum

158 1400 409 1443 crateresque
430 1407 523 1430 auro
544 1394 660 1430 solidi
681 1397 917 1444 captivaque
937 1398 1057 1432 vestis
1257 1396 1332 1436 765

157 1451 397 1498 congeritur.
453 1450 564 1496 pueri
584 1452 625 1484 et
644 1448 810 1497 pavidae
828 1448 947 1497 longo
966 1448 1105 1486 ordine
1124 1456 1271 1487 matres

156 1507 265 1539 stant
285 1504 441 1538 circum.

156 1568 273 1592 ausus
293 1557 387 1604 quin
408 1557 526 1591 etiam
549 1567 665 1591 voces
685 1556 831 1591 iactare
850 1567 921 1604 per
940 1556 1120 1593 umbram

157 1609 319 1658 implevi
339 1608 509 1645 clamore
529 1610 621 1653 vias,
641 1613 892 1658 maestusque
913 1608 1097 1646 Creusam

157 1665 396 1712 nequiquam
416 1663 665 1710 ingeminans
683 1664 907 1712 iterumque
926 1664 1151 1713 iterumque
1173 1668 1316 1702 vocavi.

158 1718 365 1765 quaerenti
385 1720 428 1752 et
445 1717 566 1751 tectis
586 1715 693 1751 urbis
712 1717 797 1752 sine
817 1715 894 1752 fine
913 1715 1062 1753 furenti
1259 1720 1329 1758 771

159 1768 298 1805 infelix
318 1769 571 1805 simulacrum
590 1773 710 1818 atque
728 1770 849 1818 ipsius
868 1769 1007 1805 umbra
1026 1770 1193 1807 Creusae

158 1825 240 1859 visa
258 1822 355 1858 mihi
376 1827 469 1858 ante
488 1820 622 1858 oculos
641 1827 682 1858 et
701 1827 796 1858 nota
818 1825 940 1858 maior
958 1825 1099 1873 imago.

159 1876 345 1924 obstipui,
365 1880 644 1924 steteruntque
664 1878 800 1912 comae
819 1881 861 1912 et
880 1888 953 1912 vox
973 1875 1150 1914 faucibus
1168 1877 1306 1916 haesit.

247 1938 289 1957 ⁷⁵⁸
312 1939 431 1977 vento]
447 1940 527 1969 tecti
546 1937 611 1969 M1.

247 1981 289 2000 ⁷⁷¹
314 1983 424 2013 ruenti
441 1981 492 2011 P:
515 1982 643 2013 furenti
659 1982 701 2012 M
713 1982 926 2021 (albiteration
942 1982 979 2013 in
994 1982 1035 2014 its
1044 1983 1193 2024 favour).

161 2041 181 2073 3
191 2041 210 2071 4
223 2041 237 2070 i
