1430 2335
708 100 899 137 VIRGIL

214 180 312 214 exiit
331 177 380 213 ad
401 177 554 213 caelum
573 178 690 212 ramis
709 176 890 213 felicibus
910 178 1035 222 arbos,
1342 181 1383 213 81

214 234 456 280 miraturque
475 243 595 266 novas
615 229 776 267 frondes
796 236 837 266 et
857 244 937 266 non
958 244 1025 267 sua
1045 243 1171 279 poma.

268 284 477 320 Praeterea
494 296 621 333 genus
642 283 747 319 haud
766 297 889 320 unum
908 297 983 321 nec
1001 284 1167 320 fortibus
1186 283 1302 320 ulmis

213 350 287 373 nec
308 337 414 374 salici
434 337 595 387 lotoque
615 349 745 386 neque
763 337 893 374 Idaeis
912 340 1131 387 cyparissis,

213 404 287 427 nec
307 393 475 440 pingues
494 403 612 427 unam
633 393 673 426 in
693 390 835 426 faciem
855 396 1071 427 nascuntur
1091 391 1229 436 olivae,
1342 394 1389 427 85

213 444 405 481 orchades
425 449 467 481 et
484 444 584 480 radii
604 449 646 481 et
664 457 795 480 amara
813 447 947 493 pausia
965 445 1074 489 baca,

213 511 408 547 pomaque
429 503 471 535 et
490 497 647 534 Alcinoi
666 499 799 543 silvae,
820 511 893 534 nec
913 498 1089 534 surculus
1109 497 1216 533 idem

214 552 445 588 Crustumiis
465 551 665 601 Syriisque
684 553 777 600 piris
796 552 1058 600 gravibusque
1078 551 1249 587 volemis.

213 619 293 641 non
313 605 452 642 eadem
471 605 674 641 arboribus
692 604 845 653 pendet
862 604 1061 641 vindemia
1078 607 1234 648 nostris,

213 672 329 709 quam
352 659 638 708 Methymnaeo
657 660 782 707 carpit
800 658 850 694 de
870 658 1034 707 palmite
1055 658 1201 694 Lesbos
1219 670 1228 701 ;
1342 660 1392 698 90

214 718 307 749 sunt
328 712 494 748 Thasiae
514 714 628 757 vites,
644 717 737 748 sunt
756 716 799 748 et
819 711 1061 748 Mareotides
1080 711 1206 756 albae,

214 766 427 815 pinguibus
447 765 522 801 hae
540 767 654 801 terris
675 765 839 808 habiles,
860 765 1069 801 levioribus
1090 764 1195 810 illae,
1339 776 1391 800 mv

215 825 257 856 et
276 832 389 868 passo
413 818 561 855 Psithia
578 819 711 855 utilior
729 821 940 868 tenuisque
961 817 1129 867 Lageos,

214 877 459 921 temptatura
480 872 602 921 pedes
622 871 715 907 olim
734 874 992 921 vincturaque
1010 871 1200 920 linguam,

215 939 436 976 purpureae
457 928 705 975 preciaeque‚
726 930 767 961 et
786 939 862 974 quo
882 930 923 961 te
944 927 1117 961 carmine
1138 925 1266 960 dicam
1344 927 1392 965 95

219 979 434 1016 Rhaetica?
463 992 536 1015 nec
557 978 667 1015 cellis
687 978 777 1014 ideo
797 978 997 1014 contende
1019 977 1205 1014 Falernis.

216 1039 309 1069 sunt
329 1038 370 1070 et
391 1033 612 1068 Aminneae
632 1035 746 1077 vites,
766 1031 984 1068 firmissima
1002 1034 1106 1077 vina,

216 1086 391 1123 Tmolius
410 1086 589 1135 adsurgit
608 1086 747 1135 quibus
768 1091 809 1121 et
828 1098 896 1122 rex
916 1088 1000 1133 ipse
1021 1084 1228 1120 Phanaeus
1244 1095 1254 1128 ;

216 1140 446 1189 Argitisque
465 1142 605 1182 minor,
621 1141 682 1175 cui
701 1152 781 1175 non
801 1141 1011 1175 certaverit
1032 1138 1110 1174 ulla

215 1199 284 1230 aut
305 1198 461 1230 tantum
482 1192 602 1229 fluere
622 1197 693 1228 aut
710 1192 882 1228 totidem
903 1192 1043 1228 durare
1063 1204 1135 1240 per
1153 1204 1286 1226 annos.
1324 1194 1395 1226 100

216 1260 297 1283 non
318 1259 392 1295 ego
412 1251 466 1292 te,
486 1246 546 1282 dis
567 1251 608 1282 et
627 1248 774 1282 mensis
794 1250 957 1295 accepta
976 1245 1172 1287 secundis,

216 1303 454 1346 transierim,
476 1299 642 1345 Rhodia,
663 1305 704 1336 et
723 1299 900 1342 tumidis,
922 1298 1121 1342 Bumaste,
1145 1299 1321 1334 racemis.

217 1354 287 1390 sed
309 1365 438 1403 neque
459 1366 576 1402 quam
598 1352 746 1389 multae
763 1354 914 1401 species
929 1364 1003 1388 nec
1019 1354 1176 1387 nomina
1189 1364 1288 1400 quae
1305 1352 1395 1393 sint,

218 1413 278 1444 est
288 1419 492 1444 numerus:
511 1419 642 1455 neque
655 1409 759 1442 enim
776 1418 944 1442 numero
958 1404 1243 1454 comprendere
1256 1403 1396 1447 refert3

217 1473 336 1510 quem
358 1462 424 1510 qui
444 1462 542 1496 scire
563 1460 672 1504 velit,
695 1459 834 1508 Libyci
854 1459 950 1495 velit
968 1461 1148 1508 aequoris
1169 1458 1274 1494 idem
1325 1461 1395 1493 105

217 1514 370 1551 discere
391 1527 508 1564 quam
528 1513 678 1550 multae
699 1512 882 1562 Zephyro
896 1512 1109 1549 turbentur
1131 1511 1317 1556 harenae,

432 1576 463 1596 ⁸²
481 1578 578 1608 exilit
594 1589 626 1617 γ,
644 1577 788 1608 Noniae.

432 1618 462 1639 ⁸²
482 1621 687 1657 miratusque
704 1619 759 1650 Ml
776 1630 781 1650 :
806 1619 926 1650 mirata
946 1622 1062 1656 estque
1082 1618 1224 1650 Seri-ius.

418 1661 465 1681 ¹⁰⁶
490 1663 601 1693 dicere
621 1664 653 1692 M
666 1663 697 1693 V.

261 1740 273 1761 1
299 1739 342 1768 Of
358 1739 453 1768 these
470 1737 628 1768 vai-ieties
645 1738 680 1768 of
697 1738 755 1767 the
772 1737 871 1770 olive.
890 1736 947 1766 the
959 1736 1043 1773 first,
1058 1736 1197 1775 ὀρχάδες,
1213 1745 1296 1766 were
1307 1736 1399 1766 oval-

219 1781 370 1821 shaped3
395 1781 454 1811 the
476 1780 571 1811 radii
594 1779 785 1810 resembled
808 1779 955 1809 shuttles
976 1778 1012 1809 in
1042 1780 1151 1815 form3
1176 1778 1233 1808 the
1257 1778 1397 1818 pausian

221 1834 288 1854 was
307 1823 469 1859 gathered
487 1823 616 1862 unripe,
634 1822 736 1853 While
752 1822 823 1853 still
840 1822 959 1852 bitter.

261 1869 275 1890 2
303 1866 380 1896 This
398 1875 463 1896 was
476 1876 494 1896 a
510 1866 602 1903 large
619 1874 705 1904 pear,
723 1875 759 1897 so
776 1864 884 1896 called
901 1865 945 1904 (it
961 1864 989 1894 is
1004 1863 1094 1903 said)
1111 1864 1198 1894 from
1215 1863 1326 1903 filling
1343 1865 1399 1896 the

220 1909 292 1940 vola
308 1919 345 1940 or
360 1908 484 1939 hollow
501 1909 536 1939 of
554 1909 610 1938 the
629 1907 729 1937 hand.

264 1951 279 1972 3
304 1952 374 1982 The
393 1951 545 1981 Psithian
562 1951 627 1981 and
648 1950 779 1988 Lageam
796 1950 901 1980 wines
916 1960 971 1981 are
987 1949 1165 1981 otherwise
1183 1949 1366 1981 unknown.

263 1999 279 2020 4
306 1995 452 2032 Perhaps
465 1994 500 2023 in
518 1994 576 2024 the
589 2003 685 2024 sense
703 1996 719 2009 ⁶·
732 1993 829 2030 fine‚’'
845 1995 862 2008 ²·
875 1992 1054 2024 delicate.’'
1090 1992 1228 2023 eervius
1245 1993 1399 2033 explains

226 2052 298 2085 12⁶2
