1430 2335
674 82 867 119 VIRGIL

185 165 215 200 si
236 166 427 212 superant
446 160 566 206 fetus,
585 162 735 210 pariter
755 160 956 197 frumenta
974 165 1204 210 sequentur,

184 238 406 275 magnaque
426 238 515 262 cum
535 237 679 274 magno
700 227 835 261 veniet
853 227 996 261 tritura
1015 224 1143 261 calore
1157 238 1167 271 3
1287 225 1363 263 190

184 297 225 328 at
243 293 275 327 si
295 290 447 326 luxuria
468 289 652 325 foliorum
672 290 864 325 exuberat
885 289 1036 335 umbra,

184 357 423 404 nequiquam
443 356 602 403 pinguis
622 353 736 402 palea
754 358 862 390 teret
881 366 971 389 area
991 352 1150 389 culmos.

183 422 333 456 semina
354 418 433 454 vidi
454 417 641 467 equidem
661 417 808 454 multos
826 417 1025 454 medicare
1046 419 1213 454 serentis

184 489 225 521 et
244 486 348 521 nitro
368 485 476 532 prius
496 487 538 519 et
558 484 670 531 nigra
690 481 931 531 perfundere
951 494 1120 526 amurca,

182 547 368 597 grandior
386 551 431 584 ut
451 546 557 583 setus
577 545 726 596 siliquis
747 545 951 582 fallacibus
971 550 1089 591 esset,
1290 546 1362 584 195

183 618 238 658 et,
258 614 434 662 quamvis
454 613 537 660 igni
558 613 713 660 exiguo,
734 615 944 659 properata
962 610 1181 646 maderent.

184 677 263 714 vidi
283 677 388 713 lecta
408 676 475 712 diu
497 681 538 712 et
558 675 684 711 multo
704 679 884 724 spectata
904 674 1036 710 labore

182 742 431 791 degenerare
452 745 601 785 tamen,
622 742 662 775 ni
683 742 739 775 vis
760 739 931 775 humana
950 740 1162 788 quotannis

182 809 352 843 maxima
373 817 556 854 quaeque
577 817 696 840 manu
716 804 886 851 legeret.
942 805 996 840 sic
1016 805 1147 839 omnia
1166 801 1257 840 fatis

182 873 222 906 in
242 873 353 920 peius
373 882 486 906 ruere
507 882 551 904 ac
572 873 679 905 retro
700 867 883 917 sublapsa
902 867 1052 912 referri,
1286 869 1363 906 200

183 948 262 971 non
283 935 413 980 aliter,
433 947 550 983 quam
571 935 638 983 qui
657 932 822 969 adverso
842 934 906 968 vix
926 931 1086 968 flumine
1107 931 1283 968 lembum

182 1002 355 1048 remigiis
375 999 536 1047 subigit,
557 1000 588 1034 si
609 997 791 1033 bracchia
811 996 912 1033 forte
934 998 1097 1040 remisit,

181 1069 301 1114 atque
321 1063 433 1099 illum
452 1065 494 1098 in
514 1074 702 1111 praeceps
722 1074 846 1110 prono
865 1063 968 1110 rapit
986 1060 1120 1097 alveus
1139 1062 1254 1096 amni.

238 1128 446 1164 Praeterea
466 1132 549 1163 tam
569 1131 662 1162 sunt
683 1125 842 1162 Arcturi
863 1124 992 1161 sidera
1011 1125 1123 1160 nobis

185 1192 495 1240 Haedorumque
516 1189 600 1227 dies
621 1189 804 1227 servandi
824 1194 866 1226 et
885 1188 1039 1225 lucidus
1060 1188 1225 1237 Anguis,
1288 1188 1361 1226 205

182 1270 298 1307 quam
319 1256 460 1306 quibus
481 1257 523 1291 in
543 1257 711 1303 patriam
731 1258 895 1290 ventosa
915 1266 985 1302 per
1004 1265 1174 1302 aequora
1194 1255 1317 1289 vectis

185 1322 332 1358 Pontus
353 1325 395 1357 et
414 1318 587 1356 ostriferi
607 1318 740 1355 fauces
760 1322 1011 1367 temptantur
1031 1316 1173 1366 Abydi.

184 1386 301 1422 Libra
322 1385 386 1421 die
406 1386 612 1433 somnique
632 1395 745 1432 pares
767 1383 833 1419 ubi
853 1381 994 1418 fecerit
1014 1380 1127 1417 horas

183 1456 224 1487 et
243 1449 418 1486 medium
438 1448 516 1484 luci
537 1452 656 1497 atque
677 1447 824 1483 umbris
844 1448 921 1481 iam
941 1445 1083 1481 dividit
1101 1446 1251 1490 orbem,

184 1519 379 1559 exercete,
403 1515 486 1557 viri,
506 1517 651 1556 tauros,
672 1514 790 1547 serite
811 1510 959 1546 hordea
979 1512 1125 1558 campis
1286 1509 1362 1547 210

184 1591 307 1628 usque
328 1577 399 1614 sub
421 1581 645 1613 extremum
665 1575 827 1611 brumae
848 1573 1108 1610 intractabilis
1128 1573 1317 1617 imbrem3

183 1656 257 1679 nec
278 1656 355 1678 non
379 1646 420 1677 et
440 1640 509 1676 lini
530 1645 710 1688 segetem
732 1644 774 1675 et
794 1638 956 1675 Cereale
976 1650 1146 1687 papaver

183 1713 342 1755 tempus
364 1706 482 1741 humo
499 1710 637 1753 tegere
658 1709 700 1740 et
719 1702 948 1739 iamdudum
964 1702 1194 1738 incumbere
1209 1703 1358 1748 aratris,

183 1771 278 1808 dum
299 1773 400 1807 sicca
420 1768 563 1806 tellure
585 1768 692 1813 licet,
713 1767 808 1804 dum
827 1766 962 1803 nubila
982 1765 1171 1815 pendent.

227 1864 270 1883 192
293 1863 376 1894 terit
394 1863 432 1893 R.
909 1858 952 1879 ²⁰⁰
975 1862 1010 1890 et
1024 1859 1065 1890 P.

227 1907 269 1926 2⁰³
293 1906 389 1937 illum
401 1915 561 1945 praeceps
573 1915 679 1944 prono
689 1904 719 1935 P
730 1914 741 1935 ‚⁴
756 1903 853 1934 illum
865 1913 971 1944 prono
982 1903 1016 1932 in
1027 1911 1189 1942 praeceps
1199 1900 1309 1933 trahit
1319 1901 1358 1932 R.

228 1950 272 1969 ²⁰⁸
296 1949 365 1980 diei
381 1947 470 1978 2112]ss
482 1957 493 1978 :
518 1947 592 1978 dies
610 1948 656 1986 (v.
675 1947 714 1978 A.
738 1947 875 1984 Gellius,
895 1945 958 1976 IX.
979 1946 1042 1983 14).

228 1992 272 2012 20⁹
297 1990 432 2023 dividet
447 1991 486 2022 R.
920 1988 964 2007 ²¹³
986 1987 1107 2019 rastris
1123 1985 1240 2019 APU&

185 2053 232 2090 94
