1430 2335
695 97 888 135 VIRGIL

201 190 275 214 nec
295 189 354 214 res
375 176 480 212 hunc
500 180 663 213 tenerae
684 180 845 225 possent
865 174 1040 224 perferre
1059 175 1249 223 laborem,

201 239 232 273 si
252 249 330 272 non
351 240 464 272 tanta
484 237 595 284 quies
615 238 692 272 iret
712 234 914 284 frigusque
934 235 1183 284 caloremque

201 298 306 331 inter
326 299 367 331 et
387 296 590 343 exciperet
609 294 708 331 caeli
727 294 978 343 indulgentia
997 300 1131 331 terras.
1305 294 1380 333 345

257 353 373 400 Quod
405 359 598 404 superest,
629 366 900 404 quaecumque
927 366 1083 403 premes
1112 354 1282 403 virgulta
1312 367 1383 403 per

306 426 434 462 agros,

202 485 341 521 sparge
363 472 453 507 fimo
473 474 610 520 pingui
632 476 674 508 et
693 471 818 508 multa
838 485 989 508 memor
1009 472 1145 508 occule
1167 477 1286 516 terra,

202 536 271 568 aut
288 531 462 580 lapidem
483 530 663 567 bibulum
683 536 751 567 aut
771 531 988 581 squalentis
1007 530 1142 568 infode
1163 531 1330 568 conchas
1347 544 1356 574 ;

202 588 307 621 inter
327 587 432 621 enim
452 584 638 621 labentur
658 597 795 633 aquae,
816 587 1028 634 tenuisque
1049 585 1197 622 subibit

203 638 348 675 halitus
368 643 489 687 atque
509 640 659 674 animos
679 637 826 675 tollent
845 643 939 675 sata.
996 640 1154 688 iamque
1174 641 1336 688 reperti,

203 694 269 741 qui
290 704 382 728 saxo
402 704 519 740 super
539 697 658 740 atque
681 694 855 740 ingentis
877 691 1053 740 pondere
1073 696 1202 729 testae
1307 693 1380 730 351

203 751 416 794 urgerent:
448 745 521 780 hoc
542 745 681 781 effusos
702 748 906 781 munimen
927 745 977 781 ad
996 746 1140 790 imbris,
1279 757 1385 782 MPRv

205 799 291 843 hoc,
312 799 378 835 ubi
400 798 529 835 hiulca
550 801 615 835 siti
637 798 752 835 findit
773 799 887 834 Canis
907 798 1069 835 aestifer
1088 812 1187 835 arva.

257 852 481 889 Seminibus
501 854 637 900 positis
658 857 839 901 superest
857 852 1045 888 diducere
1066 857 1210 888 terram

204 909 359 955 saepius
379 905 427 941 ad
450 908 578 954 capita
599 911 641 942 et
660 905 778 942 duros
798 908 943 942 iactare
965 905 1151 952 bidentis,
1310 906 1384 944 355

204 965 272 996 aut
292 972 426 1008 presso
447 972 632 995 exercere
653 959 779 995 solum
800 959 872 995 sub
893 971 1050 995 vomere
1072 964 1113 996 et
1131 962 1214 1008 ipsa

205 1013 364 1050 flectere
385 1012 573 1049 luctantis
594 1015 699 1049 inter
720 1015 854 1049 vineta
875 1015 1084 1056 iuvencos3

204 1072 291 1103 tum
311 1066 407 1103 levis
429 1066 596 1102 calamos
617 1071 659 1102 et
679 1079 787 1102 rasae
809 1066 966 1103 hastilia
986 1069 1120 1115 virgae

205 1120 480 1168 fraxineasque
501 1125 637 1168 aptare
659 1119 775 1156 sudes
795 1119 1003 1169 furcasque
1024 1120 1204 1164 valentis,

206 1174 351 1210 viribus
373 1175 470 1209 eniti
491 1186 655 1222 quarum
677 1178 718 1209 et
738 1178 995 1210 contemnere
1016 1179 1154 1210 ventos
1308 1174 1384 1212 360

205 1227 441 1263 adsuescant
461 1239 710 1275 summasque
733 1229 843 1275 sequi
865 1226 1042 1263 tabulata
1061 1240 1132 1276 per
1153 1226 1288 1264 ulmos.

258 1280 317 1316 Ac
338 1280 432 1316 dum
453 1283 579 1329 prima
599 1282 709 1316 novis
728 1279 919 1317 adolescit
941 1280 1145 1316 frondibus
1164 1285 1286 1327 aetas,

206 1333 448 1382 parcendum
469 1336 630 1379 teneris,
651 1338 692 1370 et
712 1333 806 1369 dum
827 1346 867 1370 se
889 1333 1016 1370 laetus
1036 1333 1085 1370 ad
1105 1347 1216 1370 auras

205 1387 355 1436 palmes
375 1389 457 1435 agit
479 1387 574 1422 laxis
594 1400 665 1435 per
685 1400 827 1435 purum
848 1390 1043 1424 immissus
1064 1387 1242 1433 habenis,

205 1444 288 1490 ipsa
307 1443 390 1476 acie
412 1440 589 1476 nondum
610 1440 719 1476 falcis
739 1440 988 1489 temptanda,
1009 1440 1078 1477 sed
1099 1443 1208 1477 uncis
1311 1441 1385 1479 365

207 1493 426 1543 carpendae
447 1494 626 1530 manibus
647 1493 808 1530 frondes
828 1497 1013 1543 interque
1034 1494 1240 1543 legendae.

206 1547 299 1584 inde
319 1547 386 1584 ubi
407 1550 483 1582 iam
504 1546 641 1583 validis
662 1547 867 1595 amplexae
889 1548 1075 1596 stirpibus
1096 1547 1220 1584 ulmos

206 1603 389 1645 exierint,
409 1605 494 1637 tum
515 1603 667 1649 stringe
688 1613 831 1645 comas,
852 1606 936 1636 tum
957 1600 1139 1636 bracchia
1159 1601 1281 1638 tonde

208 1655 317 1704 (ante
338 1653 598 1690 reformidant
617 1653 795 1704 ferrum),
817 1659 901 1690 tuin
922 1653 1095 1703 denique
1116 1654 1212 1691 dura

207 1720 346 1744 exerce
366 1710 531 1756 imperia
552 1712 594 1744 et
616 1720 740 1743 ramos
762 1720 967 1756 compesce
987 1707 1155 1744 fluentis.
1310 1709 1386 1746 370

249 1824 292 1843 ³⁴³
316 1824 455 1855 sufferre
477 1825 538 1856 311.
676 1825 719 1843 ³4⁴
743 1824 903 1865 calorque
919 1824 957 1857 P.
1096 1825 1138 1843 ³⁵¹
1163 1825 1296 1866 ingenti
1312 1824 1380 1857 Ml.

250 1866 293 1885 ³⁵³
317 1866 444 1898 scindit
463 1867 500 1899 P.
543 1868 693 1909 aestiper
710 1868 749 1898 P.
1096 1868 1140 1887 :2⁵9
1164 1867 1312 1900 bicornis
1329 1868 1366 1900 V.

252 1909 295 1928 ³⁶²
318 1913 430 1941 aestas
448 1910 485 1941 P.

250 1952 294 1971 ⁸⁶⁵
316 1953 406 1983 acies
422 1952 531 1983 M2P:
557 1954 625 1984 Imm
641 1954 758 1985 known
774 1957 803 1985 to
816 1953 951 1985 Servius
967 1954 1034 1985 and
1050 1955 1153 1984 Barna
1170 1953 1312 1986 Scholia.

252 1995 294 2013 3⁶⁷
319 1995 450 2026 viribus
467 1996 517 2026 Μ.
1093 1996 1137 2014 ³⁷⁰
1163 1996 1310 2028 valentis
1327 1996 1365 2028 R.

211 2055 280 2091 140
