1430 2335
589 497 954 551 EOLOGAE

761 620 778 656 1

670 709 761 734 MELI
767 710 883 734 BOEUS

186 767 352 813 ΤΙΤΥΒΕ,
372 772 416 803 tu
436 767 595 816 patulae
614 768 807 803 recubans
829 767 900 803 sub
920 769 1098 816 tegmine
1118 766 1199 816 fagi
1314 779 1361 802 PR

186 821 406 857 silvestrem
426 824 539 857 tenui
559 834 710 857 musam
729 820 933 856 meditaris
953 833 1100 857 avena:

186 887 255 910 nos
276 877 426 922 patriae
447 874 533 910 finis
554 879 596 910 et
615 874 746 910 dulcia
765 874 979 922 linquimus
998 887 1088 909 arva
1106 885 1115 917 3

186 940 256 963 nos
275 930 442 976 patriam
462 927 658 975 fugimus:
687 932 746 973 tu,
766 927 913 976 Tityre,
937 927 1069 963 lentus
1089 929 1129 962 in
1150 927 1287 964 umbra

187 980 395 1016 formosam
414 993 597 1017 resonare
618 980 735 1017 doces
757 980 1000 1030 Amaryllida
1019 980 1143 1017 silvas.
1338 982 1362 1019 5

689 1127 855 1152 TITYRUS

188 1185 223 1221 O
246 1184 458 1229 Meliboee,
478 1184 575 1221 deus
596 1185 708 1221 nobis
728 1184 826 1220 haee
845 1187 926 1221 otia
946 1184 1051 1221 fecit.

187 1251 357 1287 namque
378 1241 453 1274 erit
473 1238 539 1274 ille
560 1238 656 1273 mihi
677 1251 834 1286 semper
853 1237 964 1283 deus,
983 1238 1086 1274 illius
1106 1251 1211 1274 aram

187 1304 303 1340 saepe
323 1296 439 1327 tener
458 1294 603 1328 nostris
621 1292 670 1328 ab
691 1291 856 1328 ovilibus
876 1292 1029 1328 imbuet
1047 1304 1182 1340 agnus.

187 1344 253 1380 ille
274 1357 381 1380 meas
401 1357 531 1380 errare
552 1345 685 1389 boves,
704 1349 749 1380 ut
769 1347 910 1389 cernis,
930 1349 972 1381 et
991 1347 1118 1394 ipsum

187 1397 324 1434 ludere
345 1410 445 1447 quae
466 1397 610 1435 vellem
631 1398 779 1435 calamo
799 1400 979 1447 permisit
997 1400 1155 1447 agresti.
1315 1400 1364 1438 lO

671 1544 761 1569 MELI
768 1545 883 1569 BOEUS

190 1617 279 1653 Non
300 1617 484 1666 equidem
504 1617 686 1661 invideo3
715 1621 833 1654 miror
852 1620 999 1666 magis:
1029 1618 1204 1668 undique
1225 1621 1318 1656 totis

189 1683 311 1719 usque
332 1671 430 1707 adeo
450 1672 631 1707 turbatur
650 1674 764 1719 agris.
823 1685 886 1716 en,
906 1674 989 1720 ipse
1010 1672 1178 1720 capellas

188 1726 366 1771 protinus
386 1737 504 1772 aeger
524 1737 621 1773 ago3
650 1723 752 1760 hanc
773 1727 892 1761 etiam
912 1727 988 1769 viX,
1008 1724 1157 1774 Tityre,
1177 1725 1288 1762 duco.

188 1776 251 1812 hic
271 1779 376 1812 inter
395 1777 535 1814 densas
556 1777 707 1826 corylos
726 1778 844 1814 modo
863 1791 1033 1826 namque
1053 1778 1256 1827 gemellos,

189 1842 299 1879 spem
319 1833 463 1878 gregis,
483 1844 504 1865 a
523 1831 529 1866 Ι
560 1830 667 1867 silice
688 1834 728 1866 in
748 1831 855 1867 nuda
875 1834 1013 1867 conixa
1032 1831 1200 1881 reliquit.
1317 1833 1362 1870 15

232 1922 259 1941 1²
282 1921 462 1953 turbamur
478 1922 539 1954 PR
550 1936 559 1954 .·
577 1923 740 1956 turbatur
757 1925 834 1956 read
847 1925 885 1964 by
900 1925 1103 1963 Quintilian,
1122 1924 1151 1956 Ι.
1166 1934 1215 1956 IV.
1229 1926 1280 1964 28,
1296 1926 1363 1956 (md

182 1966 352 2006 prrgfcrrcd
367 1966 406 2005 by
422 1966 565 1997 Servius.

189 2025 212 2061 2
