1430 2335
678 113 870 150 VIRGIL

180 191 324 227 arduus
344 189 394 226 ad
414 189 552 235 solem,
572 193 614 226 et
632 188 781 239 linguis
801 191 922 226 micat
940 201 1008 225 ore
1027 188 1212 226 trisulcis.
1286 191 1360 228 475

181 265 259 288 una
278 255 420 300 ingens
442 250 631 300 Periphas
652 256 693 287 et
714 262 905 301 equorum
926 253 1100 300 agitator
1121 249 1300 296 Achillis,

180 315 352 363 armiger
373 311 643 357 Automedon,
662 324 741 347 una
760 313 887 348 omnis
908 311 1045 362 Scyria
1063 312 1188 360 pubes

181 375 402 413 succedunt
422 379 533 411 tecto
553 379 595 411 et
614 373 789 410 flammas
808 374 858 410 ad
879 374 1051 410 culmina
1070 377 1231 412 iactant.

181 440 266 487 ipse
286 439 392 473 inter
411 425 759 486 primos'correpta
779 435 877 488 dura
895 435 1063 485 bipenni

180 499 318 535 limina
337 500 559 548 perrumpit
579 500 780 547 postisque
800 511 823 533 a
842 497 1002 548 cardine
1023 497 1136 534 vellit
1290 502 1364 534 480

181 566 358 604 aeratos3
387 563 543 609 iamque
564 561 695 595 excisa
714 559 827 595 trabe
848 549 958 594 firma
977 561 1130 596 cavavit

184 623 323 658 robora
342 626 384 658 et
404 624 612 669 ingentem
632 620 713 656 lato
732 619 846 656 dedit
867 632 933 656 ore
955 619 1184 657 fenestram.

182 688 350 733 apparet
369 682 507 719 domus
527 685 634 718 intus
655 686 696 717 et
715 683 815 717 atria
835 681 955 730 longa
970 686 1183 731 patescunt
1200 695 1208 725 ;

183 750 377 795 apparent
401 744 542 780 Priami
564 749 603 779 et
624 748 806 779 veterum
827 743 1052 792 penetralia
1071 756 1209 791 regum

183 811 432 856 armatosque
454 805 592 842 vident
612 807 756 841 stantis
776 807 817 840 in
837 804 974 841 limine
994 807 1131 854 primo.
1289 810 1366 843 485

238 873 261 890 “
276 869 332 905 At
351 868 490 904 domus
510 869 677 903 interior
697 869 850 915 gemitu
871 869 1093 916 miseroque
1115 866 1289 903 tumultu

183 934 385 975 miscetur,
404 931 645 979 penitusque
667 941 785 964 cavae
806 928 1062 977 plangoribus
1080 928 1199 964 aedes

184 992 368 1028 femineis
389 990 567 1033 ululant;
597 988 691 1025 ferit
709 1001 827 1025 aurea
847 989 977 1026 sidera
997 989 1154 1026 clamor.

186 1059 271 1090 tum
291 1052 456 1101 pavidae
478 1053 597 1088 tectis
617 1055 767 1086 matres
788 1051 1020 1099 ingentibus
1040 1056 1174 1087 errant

184 1114 472 1164 amplexaeque
491 1117 636 1150 tenent
656 1114 779 1162 postis
799 1117 919 1161 atque
940 1112 1074 1149 oscula
1094 1112 1231 1162 figunt.
1290 1116 1366 1155 490

186 1179 310 1212 instat
330 1178 366 1211 vi
387 1177 513 1224 patria
537 1173 708 1223 Pyrrhus
728 1188 735 1210 :
765 1186 839 1210 nec
860 1174 1030 1210 claustra
1049 1186 1123 1211 nec
1143 1177 1216 1223 ipsi

186 1237 371 1274 custodes
391 1236 554 1272 sufferre
574 1235 709 1271 valent
726 1247 735 1278 ;
764 1234 872 1271 labat
891 1238 1017 1272 ariete
1037 1236 1176 1272 crebro

186 1302 303 1335 ianua
323 1303 365 1335 et
386 1300 507 1334 emoti
528 1297 797 1346 procumbunt
817 1296 977 1334 cardine
997 1302 1143 1346 postes,

186 1360 230 1397 fit
249 1363 311 1396 via
330 1362 367 1395 vi
386 1372 394 1403 ;
422 1363 615 1407 rumpunt
633 1358 766 1394 aditus
787 1361 1014 1408 primosque
1032 1359 1237 1396 trucidant

186 1423 349 1458 immissi
376 1421 504 1456 Danai
524 1425 565 1457 et
585 1420 666 1457 late
686 1420 772 1456 loca
792 1419 921 1456 milite
941 1420 1155 1470 complent.
1293 1425 1367 1464 495

186 1497 266 1520 non
286 1486 355 1528 sic,
373 1482 587 1532 aggeribus
607 1483 736 1531 ruptis
756 1494 846 1517 cum
866 1494 1052 1531 spumeus
1071 1486 1197 1519 amnis

186 1548 285 1582 exiit
305 1547 585 1594 oppositasque
607 1545 727 1579 evicit
746 1545 906 1592 gurgite
927 1543 1066 1589 moles,
1317 1557 1370 1581 ΜΡ

186 1607 313 1644 fertur
334 1609 374 1642 in
394 1619 485 1642 arva
506 1605 642 1642 furens
664 1604 823 1641 cumulo
843 1618 1082 1655 camposque
1101 1619 1172 1655 per
1192 1610 1318 1643 omnis

187 1683 276 1705 cum
294 1668 460 1706 stabulis
475 1672 655 1704 armenta
670 1666 806 1703 trahit.
855 1667 935 1703 vidi
955 1670 1039 1716 ipse
1060 1667 1260 1705 furentem
1293 1673 1369 1712 499

188 1730 310 1767 caede
332 1729 643 1778 Neoptolemum
663 1731 922 1777 geminosque
943 1731 984 1765 in
1003 1729 1140 1766 limine
1162 1729 1335 1774 Atridas,

188 1792 269 1828 vidi
289 1792 497 1828 Hecubam
513 1796 757 1840 centumque
770 1803 891 1826 nurus
909 1790 1184 1841 Priamumque
1200 1804 1271 1841 per
1284 1804 1369 1828 aras

188 1856 381 1903 sanguine
403 1853 635 1889 foedantem
655 1864 753 1902 quos
774 1854 860 1901 ipse
880 1858 1101 1889 sacraverat
1120 1856 1234 1902 ignis.

189 1917 477 1965 quinquaginta
498 1914 554 1949 illi
575 1913 754 1958 thalami,
775 1926 864 1962 spes
884 1919 996 1950 tanta
1016 1919 1221 1963 nepotum,

192 1991 318 2072 306503
342 2001 417 2032 spes
433 1993 530 2022 tanta
550 1992 593 2029 M,
612 1991 764 2023 Servius:
788 2000 862 2031 spes
878 1992 991 2032 ampla
1007 1992 1037 2022 P
1053 1992 1122 2033 (pla
1138 1992 1293 2035 lackz'ny).
