1430 2335
662 84 857 122 VIRGIL

166 159 308 197 fronde
329 162 477 209 premit
495 162 647 197 crinem
665 159 820 210 fingens
838 165 959 211 atque
978 161 1157 211 implicat
1176 173 1281 207 auro,

166 214 249 250 tela
268 218 412 250 sonant
430 217 577 251 umeris
594 226 604 251 z
631 214 739 251 haud
758 213 826 251 illo
847 217 1006 264 segnior
1019 217 1104 252 ibat

167 268 341 313 Aeneas,
361 272 518 304 tantum
540 269 704 317 egregio
723 267 846 305 decus
866 271 996 305 enitet
1015 281 1093 305 ore.
1282 272 1352 304 150

167 325 376 370 postquam
396 321 499 357 altos
517 326 684 358 ventum
702 324 744 358 in
762 324 910 358 montis
924 327 1044 371 atque
1064 324 1169 359 invia
1187 322 1324 367 lustra,

168 387 263 411 ecce
282 374 390 411 ferae
411 377 493 410 saxi
512 374 696 411 deiectae
714 377 865 412 vertice
884 388 1024 424 caprae

169 428 383 464 decurrere
404 431 530 477 iugis;
557 428 634 464 alia
653 428 703 465 de
722 433 837 477 parte
857 431 1034 477 patentis

169 484 449 518 transmittunt
467 494 581 518 cursu
601 494 759 530 campos
777 487 898 531 atque
917 485 1076 531 agmina
1095 486 1201 519 cervi

168 535 449 584 pulverulenta
468 535 563 584 fuga
582 535 807 584 glomerant
825 539 1052 585 montisque
1071 536 1313 586 relinquunt.

168 593 211 626 at
229 601 329 638 puer
347 588 541 625 Ascanius
559 588 702 625 mediis
720 592 761 625 in
780 588 948 626 vallibus
965 591 1046 626 acri
1281 589 1353 628 156

169 642 321 691 gaudet
339 655 456 692 equo,
475 645 632 691 iamque
652 642 724 679 hos
742 655 871 687 cursu,
891 646 966 679 iam
986 645 1179 692 praeterit
1197 643 1297 690 illos,

168 701 500 746 spumantemque
520 696 604 732 dari
623 708 766 745 pecora
783 699 891 733 inter
908 699 1052 733 inertia
1071 700 1172 733 votis

168 754 284 800 optat
300 762 439 799 aprum
453 754 523 786 aut
541 749 693 786 fulvum
711 749 957 787 descendere
977 755 1113 787 monte
1132 751 1299 788 leonem.

222 803 385 840 Interea
403 816 549 853 magno
567 806 724 840 misceri
745 816 944 841 murmure
963 803 1118 841 caelum
1281 803 1354 841 160

171 859 312 905 incipit
331 869 339 900 3
367 858 593 906 insequitur
612 860 827 894 commixta
845 856 1041 907 grandine
1060 857 1232 904 nimbus,

170 915 213 947 et
232 910 341 959 Tyrii
360 913 527 947 comites
544 913 690 960 passim
710 916 752 948 et
771 911 939 947 Troiana
957 913 1142 948 iuventus
1248 924 1355 949 MPRV

170 963 476 1013 Dardaniusque
492 976 617 1013 nepos
636 964 805 1001 Veneris
825 964 981 1001 diversa
1000 977 1072 1014 per
1090 978 1205 1014 agros

168 1022 279 1054 tecta
297 1023 408 1054 metu
429 1020 583 1067 petiere
598 1030 608 1062 ;
637 1023 759 1054 ruunt
777 1017 828 1054 de
847 1019 1050 1055 montibus
1068 1031 1216 1056 amnes.

172 1071 403 1120 speluncam
425 1071 529 1107 Dido
548 1071 628 1107 dux
649 1076 691 1108 et
710 1071 901 1108 Troianus
920 1071 1091 1109 eandem
1281 1072 1352 1111 165

170 1125 404 1162 deveniunt.
459 1127 586 1174 prima
605 1130 648 1161 et
665 1124 800 1162 Tellus
820 1130 863 1162 et
882 1126 1063 1174 pronuba
1082 1125 1184 1162 Iuno

171 1179 269 1215 dant
288 1180 445 1226 signum
461 1191 470 1223 3
499 1178 646 1215 fulsere
662 1181 776 1227 ignes
795 1183 838 1215 et
857 1181 1035 1216 conscius
1058 1179 1212 1216 Aether

170 1232 362 1277 conubiis,
381 1244 615 1281 summoque
633 1232 838 1269 ulularunt
857 1235 1007 1269 vertice
1028 1233 1250 1283 Nymphae.

169 1285 237 1322 ille
256 1286 343 1322 dies
362 1288 510 1334 primus
529 1286 602 1322 leti
620 1288 847 1335 primusque
866 1286 1058 1322 malorum

169 1352 285 1376 causa
302 1338 390 1375 fuit.
446 1351 577 1389 neque
606 1342 713 1375 enim
733 1342 864 1388 specie
883 1339 1037 1376 famave
1058 1346 1239 1378 movetur
1281 1344 1354 1381 170

169 1406 244 1430 nec
263 1395 341 1429 iam
360 1392 548 1429 furtivum
570 1392 678 1429 Dido
696 1392 913 1430 meditatur
931 1405 1129 1438 amorem;

168 1449 398 1495 coniugium
418 1451 558 1491 vocat3
586 1446 661 1483 hoc
681 1449 880 1495 praetexit
899 1449 1059 1484 nomine
1079 1448 1247 1497 culpam.

222 1499 437 1548 Extemplo
460 1499 606 1549 Libyae
626 1513 790 1548 magnas
808 1502 841 1536 it
862 1500 981 1536 Fama
1000 1513 1071 1549 per
1092 1502 1219 1547 urbes,

169 1554 301 1599 Fama,
320 1553 467 1589 malum
488 1566 566 1603 qua
584 1566 663 1589 non
682 1553 789 1590 aliud
812 1553 983 1590 velocius
1001 1553 1139 1592 ullum.

166 1607 391 1644 mobilitate
412 1609 521 1655 viget
540 1609 709 1656 virisque
729 1607 903 1656 adquirit
922 1606 1077 1651 eundo;
1282 1611 1325 1648 17

167 1673 285 1709 parva
303 1666 414 1697 metu
434 1663 573 1709 primo,
595 1673 684 1696 mox
704 1673 790 1697 sese
809 1660 961 1698 attollit
979 1663 1020 1697 in
1039 1673 1152 1697 auras

164 1714 470 1764 ingrediturque
489 1714 572 1751 solo
591 1718 633 1751 et
651 1719 772 1763 caput
790 1716 898 1751 inter
915 1714 1053 1751 nubila
1071 1715 1219 1752 condit.

165 1767 274 1804 illam
294 1767 415 1804 Terra
434 1780 590 1817 parens,
618 1770 673 1803 ira
693 1769 855 1804 inritata
874 1767 1052 1814 deorum,

1331 1615 1352 1647 (αῖ

385 1863 425 1881 ¹¹²5
448 1864 586 1895 conubii
603 1861 681 1894 P²R
691 1864 723 1896 1⁷.

384 1906 424 1923 ¹¹⁴³
450 1905 634 1947 malorum]
654 1907 807 1937 laborum
823 1904 880 1944 P¹‚
896 1906 1141 1949 Philaryyrius.

379 1948 423 1967 ¹²⁴
445 1959 512 1987 quo
527 1948 610 1980 P11'
645 1949 807 1988 Priscian,
827 1950 969 1982 Servius.

174 2023 246 2063 406
