1430 2335
659 76 853 113 VIRGIL

166 151 307 188 saltem
328 153 356 187 si
379 164 455 200 qua
475 150 572 187 mihi
591 150 641 187 de
661 156 703 188 te
724 155 906 199 suscepta
926 150 1065 188 fuisset

166 218 260 249 ante
281 212 416 261 fugam
437 212 604 259 suboles,
627 215 659 249 si
678 215 763 262 quis
782 212 879 248 mihi
899 212 1083 262 parvulus
1103 211 1191 248 aula

168 274 327 311 luderet
349 275 520 320 Aeneas,
540 277 607 324 qui
626 279 667 311 te
688 279 824 311 tamen
844 287 910 311 ore
930 274 1110 319 referret,

169 349 248 373 non
269 336 455 386 equidem
474 338 635 372 omnino
655 341 770 385 capta
789 349 834 372 ac
854 335 1011 373 deserta
1032 334 1223 372 videre1·.’'
1274 338 1350 371 330

224 397 402 434 Dixerat.
460 397 527 434 ille
549 397 650 434 Iovis
670 399 832 433 monitis
850 399 1014 434 immota
1032 398 1196 434 tenebat

170 459 321 496 lumina
341 465 381 495 et
400 460 568 496 obnixus
588 472 722 496 curam
743 459 815 495 sub
835 459 953 495 corde
974 459 1192 508 premebat.

172 521 335 558 tandem
356 534 480 570 pauca
500 520 646 557 refert:
675 525 699 541 “
715 533 791 569 ego
814 525 869 565 te,
890 533 991 570 quae
1011 520 1179 569 plurima
1199 519 1319 555 fando

174 595 406 619 enumerare
427 582 547 628 vales,
566 595 796 632 numquam,
814 583 966 631 regina,
985 582 1140 631 negabo

175 647 442 694 promeritam,
462 657 536 681 nec
555 657 618 681 me
638 646 866 681 meminisse
885 644 1038 693 pigebit
1057 643 1221 688 Elissae,
1280 646 1354 679 335

175 705 270 743 dum
289 719 441 742 memor
459 708 543 755 ipse
565 708 655 750 mei,
677 705 771 742 dum
791 708 951 754 spiritus
971 705 1042 741 hos
1061 707 1166 754 regit
1184 709 1300 740 artus.

177 781 247 817 pro
262 780 304 804 re
321 780 444 816 pauca
458 766 607 816 loquar.
646 780 775 816 neque
792 780 866 816 ego
878 766 980 803 hanc
994 766 1236 804 abscondere
1251 765 1358 802 furto

177 831 329 878 speravi
349 828 418 877 (ne
439 828 563 879 finge)
583 828 731 877 fugam,
750 841 824 865 nec
844 831 1022 877 coniugis
1041 841 1226 878 umquam

179 889 388 940 praetendi
411 889 545 926 taedas
564 895 634 926 aut
652 890 750 927 haec
770 893 811 926 in
830 889 992 927 foedera
1011 893 1113 927 veni.

180 966 243 989 me
265 955 295 988 si
315 952 396 988 fata
415 954 514 989 meis
534 957 768 1001 paterentur
786 952 932 988 ducere
952 954 1073 988 vitam
1285 954 1360 986 340

180 1016 363 1063 auspiciis
385 1018 427 1049 et
447 1019 588 1062 sponte
608 1026 697 1050 mea
717 1026 954 1062 componere
975 1026 1098 1059 curas,

182 1076 319 1112 urbem
339 1073 548 1110 Troianam
569 1077 738 1124 primum
759 1075 963 1124 dulcisque
983 1087 1158 1111 meorum

183 1136 367 1186 reliquias
387 1136 572 1181 colerem,
595 1136 737 1172 Priami
757 1141 866 1173 tecta
885 1136 965 1172 alta
985 1141 1206 1182 manerent,

184 1204 225 1235 et
246 1198 416 1234 recidiva
437 1211 555 1234 manu
578 1200 793 1247 posuissem
817 1197 1007 1246 Pergama
1028 1200 1151 1234 victis.

185 1260 255 1296 sed
277 1272 382 1295 nunc
406 1259 562 1295 Italiam
584 1272 767 1308 magnam
790 1259 973 1308 Gryneus
993 1259 1152 1308 Apollo,
1289 1262 1363 1295 345

188 1321 344 1357 Italiam
366 1321 511 1370 Lyciae
534 1323 681 1357 iussere
703 1333 908 1369 capessere
929 1326 1076 1363 sortes;

187 1383 251 1419 hic
271 1396 393 1427 amor,
415 1382 512 1419 haec
533 1385 659 1432 patria
680 1388 751 1419 est.
811 1385 841 1417 si
863 1387 903 1419 te
928 1382 1185 1431 Karthaginis
1205 1395 1313 1419 arces

192 1444 445 1481 Phoenissam
468 1444 720 1493 Libycaeque
739 1449 922 1493 aspectus
942 1444 1099 1480 detinet
1119 1445 1237 1490 urbis,

189 1519 289 1556 quae
310 1506 474 1542 tandem
495 1506 669 1542 Ausonia
690 1505 862 1542 Teucros
882 1505 1087 1543 considere
1107 1510 1212 1542 terra

189 1567 337 1603 invidia
357 1568 445 1604 est?
503 1572 544 1603 et
565 1580 634 1603 nos
654 1566 711 1603 fas
733 1572 870 1604 extera
891 1580 1080 1616 quaerere
1101 1580 1234 1616 regna.
1293 1570 1368 1603 350

190 1643 253 1666 nie
274 1632 398 1679 patris
420 1628 634 1674 Anchisae,
654 1631 837 1678 quotiens
859 1629 1088 1665 umentibus
1107 1629 1254 1665 umbris

189 1704 267 1726 nox
288 1693 417 1740 operit
438 1695 576 1735 terras,
596 1693 780 1739 quotiens
800 1695 905 1726 astra
924 1693 1039 1739 ignea
1059 1695 1239 1740 surgunt,

190 1752 380 1788 admonet
399 1754 440 1787 in
460 1754 606 1788 somnis
628 1757 669 1788 et
689 1751 848 1788 turbida
867 1757 993 1788 terret
1012 1754 1143 1801 imago
1160 1764 1170 1796 ;

189 1826 254 1850 me
276 1826 375 1862 puer
395 1814 587 1849 Ascanius
607 1816 827 1862 capitisque
848 1815 987 1849 iniuria
1007 1815 1098 1858 cai-i,

191 1888 308 1925 quem
331 1888 455 1924 regno
478 1875 699 1924 Hesperiae
720 1874 860 1911 fraudo
881 1879 923 1911 et
945 1875 1132 1912 fatalibus
1153 1877 1263 1912 arvis.
1297 1880 1371 1913 355

419 1952 463 1971 ³⁴³
489 1955 633 1994 detinet]
650 1956 800 1987 demeret
816 1955 929 1986 known
946 1960 976 1986 ιο
993 1955 1134 1987 Servius.

192 2013 235 2044 41
247 2013 267 2045 S
