1430 2335
675 100 869 139 VIRGIL

184 190 259 214 una
281 176 382 214 salus
402 176 593 213 ambobus
614 178 702 214 erit.
757 176 855 213 mihi
876 190 1017 227 parvus
1038 177 1146 216 iulus
1283 180 1360 219 710

184 234 233 267 sit
256 243 401 276 comes,
421 235 463 267 et
481 230 601 280 longe
621 235 753 267 servet
773 233 941 281 vestigia
960 234 1142 269 coniunx.

183 297 264 329 vos,
282 283 433 330 famuli,
451 297 551 334 quae
570 284 710 329 dicam,
728 284 870 321 animis
887 284 1084 322 advertite
1103 289 1254 324 vestris.

183 343 244 374 est
261 338 360 375 urbe
380 340 547 387 egressis
564 337 742 374 tumulus
761 337 1034 388 templumque
1052 344 1254 376 vetustum

183 392 367 428 desertae
387 391 553 436 Cereris,
571 393 759 441 iuxtaque
778 395 941 442 antiqua
958 406 1166 442 cupressus

181 446 375 494 religione
394 450 552 494 patrum
570 445 717 481 multos
737 450 890 481 servata
908 458 980 495 per
997 458 1145 490 annos3
1284 449 1359 486 715

182 499 284 535 hanc
304 511 353 535 ex
372 499 526 536 diverso
545 498 681 535 sedem
700 501 905 535 veniemus
923 502 965 535 in
984 512 1112 537 unam.

181 558 238 598 tu,
258 555 427 602 genitor,
447 564 542 601 cape
562 564 670 588 sacra
686 564 806 588 manu
824 555 1051 602 patriosque
1074 552 1210 590 pemati¹
1204 566 1253 590 s·
1242 582 1253 599 ,

181 619 258 650 me,
258 584 386 643 Ubello
405 619 426 642 e
445 610 559 642 tanto
580 605 803 653 digressum
823 611 864 642 et
885 607 1006 643 caede
1026 610 1190 653 recenti,

179 665 397 696 attrectare
417 659 541 705 nefas,
561 636 689 696 donec
708 672 772 697 me
791 659 953 698 flumine
971 663 1060 697 vivo

179 712 367 750 abluero?
1284 716 1305 754 7
1337 719 1360 751 Ο

180 766 280 803 haec
299 766 401 803 fatus
420 766 522 803 latos
543 779 698 802 umeros
721 767 977 817 subiectaque
997 768 1098 804 colla

180 825 291 857 veste
311 833 429 869 super
448 819 623 881 fulvique
644 822 841 856 insternor
860 821 966 869 pelle
984 821 1125 867 leonis,

179 873 427 922 succedoque
447 876 580 916 oneri3
609 872 774 910 dextrae
793 886 834 909 se
852 887 994 923 parvus
1015 873 1123 911 Iulus

154 955 157 958 »
180 927 380 976 implicuit
400 929 656 976 sequiturque
677 931 832 976 patiem
853 940 933 963 non
952 928 1129 976 passibus
1148 930 1306 978 aequis·
1298 958 1306 973 ,

148 992 285 1031 'rpone
305 980 412 1016 subit
427 982 607 1016 coniunx.
656 979 818 1016 ferimur
836 993 908 1029 per
926 993 1048 1030 opaca
1066 981 1252 1026 1000111111,
1283 985 1357 1021 725

181 1039 221 1070 et
242 1045 320 1076 me,
340 1045 458 1082 quem
480 1033 632 1069 dudum
652 1046 730 1069 non
750 1033 830 1069 ulla
849 1035 994 1070 iniecta
1013 1035 1226 1072 movebant

181 1087 262 1123 tela
282 1099 412 1136 neque
431 1086 597 1122 adverso
617 1086 826 1135 glomerati
846 1099 895 1122 ex
913 1090 1073 1136 agmine
1094 1087 1200 1131 Grai,
1305 1101 1359 1127 MP

180 1153 286 1177 nunc
305 1152 442 1176 omnes
460 1144 614 1176 terrent
633 1152 762 1182 aurae,
782 1153 898 1176 sonus
919 1144 1066 1177 excitat
1084 1145 1210 1178 omnis

181 1206 415 1243 suspensum
438 1198 479 1229 et
498 1195 647 1241 pariter
665 1195 880 1242 comitique
900 1196 1088 1243 onerique
1107 1197 1330 1234 timentem.

235 1247 434 1297 “Iamque
450 1247 763 1296 propinquabam
781 1249 904 1295 portis
922 1260 1159 1298 omnemque
1179 1249 1343 1286 videbar

180 1303 348 1337 evasisse
368 1302 483 1344 viam,
503 1300 633 1336 subito
652 1312 742 1336 011111
762 1300 899 1336 creber
916 1300 966 1336 ad
986 1303 1088 1337 auris
1283 1305 1353 1341 731

182 1357 285 1390 visus
305 1353 443 1390 adesse
462 1353 611 1402 pedum
631 1356 795 1398 sonitus,
814 1356 1053 1404 genitorque
1072 1367 1145 1403 per
1163 1356 1342 1392 umbram

180 1409 435 1457 prospiciens,
468 1412 479 1428 ‘
491 1406 610 1450 nates
645 1406 852 1451 exclamat,
880 1411 890 1427 ‘
904 1407 1011 1457 fuge,
1042 1413 1134 1445 nate
1149 1420 1160 1453 3
1200 1411 1359 1458 propin-

287 1465 434 1510 quant3

180 1515 358 1551 ardentis
378 1514 526 1564 clipeos
545 1518 666 1563 atque
685 1525 776 1549 aera
794 1515 981 1550 micantia
1001 1516 1144 1554 cerno]

181 1568 247 1604 hic
266 1566 365 1604 mihi
382 1569 514 1603 nescio
534 1567 639 1616 quod
660 1567 816 1615 trepido
836 1567 938 1603 male
957 1581 1108 1604 numen
1125 1572 1294 1606 amicum

182 1621 383 1658 confusam
403 1623 549 1670 eripuit
566 1624 756 1656 mentem.
812 1633 983 1669 namque
1002 1624 1088 1657 avia
1107 1635 1220 1659 cursu
1282 1621 1357 1662 736

183 1675 277 1711 dum
299 1687 440 1723 sequor
460 1680 500 1710 et
521 1678 615 1709 nota
635 1673 785 1709 excedo
804 1676 967 1723 regione
986 1677 1148 1721 viarum,

181 1728 259 1764 heu
277 1729 284 1764 !
313 1731 455 1764 misero
476 1729 647 1763 coniunx
666 1725 801 1762 fatone
822 1732 958 1776 crepta
978 1727 1121 1764 Creusa

181 1781 386 1817 substitit?
442 1783 636 1816 erravitne
657 1782 719 1815 via
738 1792 806 1815 seu
825 1779 925 1817 lassa
943 1781 1120 1818 resedit?

182 1838 402 1871 incertum:
431 1846 505 1869 nec
524 1838 614 1882 post
627 1833 748 1869 oculis
767 1838 828 1869 est
847 1833 1007 1870 reddita
1025 1838 1180 1880 nostris,
1281 1838 1357 1875 740

181 1900 257 1924 nec
276 1890 382 1936 prius
401 1889 583 1922 amissam
602 1889 757 1935 respexi
777 1889 1001 1923 animumve
1022 1888 1168 1933 reflexi,

224 1950 267 1969 ⁷³⁹
291 1951 384 1989 lapsa
416 1950 474 1980 U:
511 1952 607 1988 rapta
637 1949 832 1980 P121assa
861 1949 916 1981 P2.
983 1951 1099 1991 Paqe's
1124 1954 1353 1992 punctuation.

181 1994 266 2024 Most
285 1993 405 2024 editors
426 1993 519 2033 place
541 2004 562 2023 α
584 2002 703 2024 comma
725 1993 812 2032 after
836 1993 992 2024 substitit
1021 1994 1090 2025 and
1113 1996 1247 2027 another
1271 1997 1358 2037 after

180 2037 317 2068 resedit.
729 2035 770 2053 ⁷⁴¹
794 2036 1014 2073 animumque
1032 2036 1079 2068 Μ.

182 2094 258 2126 34⁶2

1311 719 1332 751 N>
