1430 2335
661 55 852 92 VIRGIL

165 150 187 173 0
206 141 361 173 tantum
381 136 503 171 libeat
524 147 678 170 mecum
699 134 771 170 tibi
793 133 949 169 sordida
970 147 1058 170 rura

165 211 283 255 atque
303 204 461 241 humilis
481 204 660 240 habitare
681 215 788 239 casas
809 208 851 239 et
870 202 992 252 figere
1013 215 1147 240 cervos

164 274 460 323 haedorumque
482 286 645 322 gregem
667 272 780 308 viridi
801 272 1041 321 compellere
1062 272 1213 310 hibisco
1231 275 1237 310 !
1298 275 1346 312 30

163 357 318 381 mecum
339 357 415 380 una
436 346 474 379 in
497 342 602 379 silvis
623 343 831 378 imitabere
853 342 959 378 Pana
979 343 1168 379 canendo.

167 414 247 449 Pan
268 416 438 462 primum
460 412 628 448 calamos
650 424 738 447 cera
759 413 1001 460 coniungere
1021 411 1144 461 pluris

164 484 350 526 instituit,
373 481 453 517 Pan
474 486 585 517 curat
605 483 685 516 ovis
708 483 918 529 oviumque
938 483 1158 530 magistros.

163 564 237 587 nec
256 556 297 587 te
317 553 521 599 paeniteat
542 549 690 586 calamo
711 552 865 586 trivisse
885 549 1098 587 labellum:

163 620 260 656 haec
277 620 414 656 eadem
437 624 481 656 ut
501 622 633 663 sciret,
649 618 743 668 quid
760 631 840 654 non
855 618 1027 655 faciebat
1042 619 1237 670 Amyntas
1251 622 1265 658 ?
1295 623 1342 660 35

164 695 224 726 est
244 689 339 725 mihi
362 688 582 737 disparibus
603 693 758 736 septem
779 693 985 737 compacta
1004 691 1143 726 cicutis

163 758 303 803 fistula,
328 758 540 795 Damoetas
560 757 665 794 dono
687 757 782 793 mihi
803 771 920 807 quam
941 757 1054 795 dedit
1074 759 1168 796 olim

163 833 205 865 et
224 827 323 864 dixit
343 830 514 864 moriens
537 832 547 848 ἴ
560 832 600 864 te
623 840 729 864 nunc
750 826 872 864 habet
893 829 969 864 ista
989 829 1233 868 secundum.’

162 898 262 934 dixit
285 897 511 942 Damoetas,
531 897 674 934 invidit
694 897 840 933 stultus
863 897 1066 947 Amyntas.

163 972 367 1016 praeterea
388 967 478 1012 duo,
499 979 573 1003 nec
594 971 683 1003 tuta
703 966 800 1002 mihi
822 966 922 1003 valle
943 971 1105 1016 reperti,
1298 970 1347 1007 40

163 1036 345 1086 capreoli,
366 1039 507 1086 sparsis
527 1039 648 1073 etiam
669 1049 775 1072 nunc
795 1036 966 1085 pellibus
986 1037 1099 1084 albo5

163 1107 253 1142 bina
273 1106 337 1143 die
358 1108 507 1142 siccant
527 1109 607 1142 ovis
629 1106 772 1153 ubera,
801 1119 898 1155 quos
919 1107 992 1143 tibi
1008 1120 1130 1144 servo.

163 1179 237 1212 iam
259 1175 412 1224 pridem
433 1189 454 1211 a
474 1188 536 1212 me
558 1175 644 1212 illos
664 1175 860 1212 abducere
881 1176 1082 1226 Thestylis
1102 1182 1210 1221 orat;

163 1251 204 1282 et
225 1245 356 1291 faciet,
378 1248 562 1295 quoniam
584 1245 748 1282 sordent
769 1246 841 1282 tibi
862 1259 1026 1282 munera
1047 1252 1191 1284 nostra.

162 1315 238 1351 huc
258 1315 364 1359 ades,
385 1328 407 1351 o
426 1315 596 1351 formose
617 1327 739 1363 puer:
769 1315 842 1351 tibi
863 1315 944 1351 lilia
965 1315 1094 1365 plenis
1295 1318 1345 1356 45

163 1398 253 1421 ecce
274 1384 408 1421 ferunt
430 1384 638 1434 Nymphae
660 1384 834 1431 calathis,
858 1386 932 1421 tibi
953 1385 1121 1422 candida
1144 1386 1250 1432 Nais,

163 1454 346 1502 pallentis
367 1454 485 1490 violas
506 1459 547 1491 et
568 1467 719 1491 summa
740 1467 934 1504 papavera
953 1468 1130 1505 carpens,

162 1526 374 1560 narcissum
395 1528 436 1560 et
456 1523 588 1561 florem
609 1526 740 1573 iungit
759 1525 862 1561 bene
884 1524 1029 1562 olentis
1049 1525 1185 1562 anethi
1202 1541 1212 1573 3

162 1598 259 1638 tum,
276 1596 377 1630 casia
397 1598 517 1643 atque
537 1593 622 1630 aliis
643 1596 828 1631 intexens
850 1595 1032 1632 suavibus
1051 1594 1197 1641 herbis,

162 1662 294 1698 mollia
314 1662 461 1699 luteola
482 1666 612 1712 pingit
632 1666 806 1700 vaccinia
827 1663 968 1701 caltha.
1294 1668 1344 1704 50

162 1734 245 1780 ipse
267 1745 340 1781 ego
361 1746 455 1768 cana
477 1732 605 1781 legam
626 1738 765 1770 tenera
786 1733 974 1783 lanugine
994 1735 1096 1771 mala

163 1806 442 1851 castaneasque
463 1815 596 1848 nuces,
618 1815 705 1839 mea
726 1816 821 1852 quas
844 1803 1056 1854 Amaryllis
1077 1805 1234 1841 amabat
1249 1818 1258 1851 3

162 1870 303 1907 addam
324 1884 435 1908 cerea
456 1884 580 1920 pruna
597 1886 604 1909 :
634 1872 758 1908 honos
779 1875 855 1910 erit
875 1873 966 1910 huic
987 1887 1143 1924 quoque
1165 1887 1306 1924 pomo;

598 1948 625 1967 ⁴¹
651 1949 742 1989 albo]
759 1949 858 1981 ambo
876 1952 914 1982 L’.

166 2008 209 2044 12
