1430 2335
641 83 835 121 VIRGIL

156 169 230 194 nec
250 159 303 193 sic
322 159 504 194 immissis
522 159 680 206 aurigae
701 158 894 194 undantia
910 158 992 194 lora

156 223 386 247 concussere
406 213 507 260 iugis
526 213 718 260 pronique
739 214 778 246 in
798 211 961 248 verbera
980 212 1172 260 pendent.

156 269 241 299 tum
262 264 398 312 plausu
420 264 660 313 fremituque
679 266 805 300 virum
824 265 1043 314 studiisque
1062 265 1265 302 faventum

155 322 346 353 consonat
363 330 481 354 omne
501 330 654 362 nemus,
673 330 889 367 vocemque
909 319 1058 355 inclusa
1076 319 1257 355 volutant

154 370 283 413 litora,
302 370 447 419 pulsati
468 371 588 407 colles
608 371 777 407 clamore
797 371 1004 408 resultant.
1258 375 1329 407 150

207 423 356 472 Effugit
375 429 468 460 ante
487 424 582 460 alios
601 427 814 474 primisque
835 425 1003 461 elabitur
1022 425 1137 461 undis

157 477 311 513 turbam
357 480 462 513 inter
507 477 790 527 fremitumque
838 478 943 528 Gyas
965 491 973 522 ;
1020 491 1138 528 quem
1183 479 1330 515 deinde

259 530 476 566 Cloanthus

154 586 420 633 consequitur,
440 584 579 620 melior
599 587 728 627 remis,
749 584 820 621 sed
839 585 1017 633 pondere
1037 587 1152 634 pinus

153 636 265 673 tarda
284 643 408 674 tenet.
467 643 555 685 post
575 637 645 673 lios
665 651 790 687 aequo
810 638 1037 675 discrimine
1060 639 1195 675 Pristis

153 690 452 740 Centaurusque
471 691 601 726 locum
622 693 795 727 tendunt
815 705 999 740 superare
1020 695 1186 741 priorem
1206 705 1213 736 ;
1259 697 1328 729 155

153 748 195 780 et
213 757 318 779 nunc
340 744 475 781 Pristis
496 744 631 790 habet,
650 758 756 781 nunc
776 747 918 781 victam
938 748 1130 794 praeterit
1149 749 1291 794 ingens

153 798 386 841 Centaurus,
405 811 510 833 nunc
532 811 608 833 una
626 798 766 834 ambae
785 801 1007 847 iunctisque
1028 798 1209 836 feruntur

152 850 347 897 frontibus
366 856 408 887 et
426 851 545 900 longa
562 851 718 888 sulcant
737 851 835 888 vada
853 852 952 888 salsa
970 855 1112 889 carina.
1234 853 1329 903 [MPR

151 907 309 953 iamque
330 905 649 954 propinquabant
668 905 828 953 scopulo
847 910 1075 955 metamque
1096 907 1301 951 tenebant,

151 970 240 993 cum
262 960 445 1007 princeps
464 957 674 1007 medioque
696 958 801 1007 Gyas
821 961 860 994 in
881 962 1040 1008 gurgite
1061 962 1186 996 victor
1257 960 1328 995 160

151 1016 346 1047 rectorem
366 1014 474 1047 navis
495 1011 707 1056 compellat
727 1025 821 1049 voce
844 1013 1084 1050 Menoeten:

150 1068 177 1084 “
188 1077 265 1113 quo
280 1069 437 1100 tantum
452 1064 548 1100 mihi
569 1065 711 1102 dexter
725 1066 807 1102 abis
822 1067 836 1102 ?
891 1065 968 1102 hue
983 1066 1110 1115 dirige
1126 1080 1302 1115 gressum
1319 1080 1328 1111 ;

151 1117 243 1154 litus
263 1131 351 1153 ama
370 1123 411 1154 et
432 1118 542 1154 laeva
562 1121 731 1167 stringat
750 1121 834 1155 sine
855 1119 1028 1168 palmula
1048 1125 1181 1156 cautes
1198 1133 1206 1164 3

150 1171 275 1206 altum
296 1171 361 1207 alii
380 1171 586 1208 teneant.''
642 1172 757 1217 dixit,
777 1172 846 1208 sed
866 1185 982 1208 caeca
1003 1173 1212 1211 Menoetes

151 1237 241 1260 saxa
262 1227 406 1260 timens
427 1238 581 1273 proram
603 1225 733 1274 pelagi
754 1225 970 1275 detorquet
988 1226 1038 1262 ad
1057 1227 1193 1263 undas.
1256 1227 1326 1265 165

151 1281 176 1298 “
187 1290 264 1327 quo
280 1278 456 1314 diversus
470 1278 580 1314 abis?
595 1279 615 1289 ‘'
647 1281 792 1315 iterum
811 1283 835 1299 ‘·'
849 1284 942 1328 pete
958 1293 1062 1324 saxa,
1076 1280 1266 1318 Menoete
1283 1283 1290 1318 Ξ
1305 1282 1324 1293 ”

150 1344 237 1367 cum
258 1331 429 1368 clamore
451 1331 557 1381 Gyas
578 1333 798 1377 revocabat,
820 1338 862 1369 et
881 1345 973 1369 ecce
994 1333 1232 1370 Cloanthum

150 1386 310 1432 respicit
329 1387 547 1421 instantem
567 1390 681 1434 tergo
701 1391 742 1422 et
763 1388 943 1435 propiora
962 1391 1184 1424 tenentem.

150 1438 216 1473 ille
236 1439 342 1474 inter
360 1451 581 1487 navemque
602 1438 714 1488 Gyae
734 1439 992 1488 scopulosque
1013 1445 1187 1478 sonantis

150 1491 253 1527 radit
273 1494 349 1527 iter
368 1491 522 1528 laevum
542 1495 706 1528 interior
725 1493 935 1542 subitoque
956 1496 1124 1541 priorem
1254 1497 1327 1534 170

148 1547 339 1593 praeterit
359 1550 400 1581 et
420 1548 537 1581 metis
556 1550 671 1582 tenet
689 1558 858 1595 aequora
876 1551 963 1583 tuta
984 1547 1142 1584 relictis.

148 1603 233 1634 tum
255 1610 347 1634 vero
368 1600 513 1634 exarsit
532 1601 664 1636 iuveni
685 1599 796 1635 dolor
815 1600 963 1636 ossibus
983 1603 1136 1649 ingens,

148 1664 222 1687 nec
241 1651 411 1687 lacrimis
432 1664 592 1689 caruere
612 1665 753 1701 genae,
773 1666 1016 1703 segnemque
1038 1655 1268 1701 Menoeten,

147 1704 292 1740 oblitus
312 1704 543 1754 decorisque
564 1708 621 1742 sui
643 1709 870 1756 sociumque
890 1707 1041 1752 salutis,

147 1761 185 1793 in
206 1771 313 1793 mare
334 1761 591 1807 praecipitem
611 1762 734 1808 puppi
754 1760 942 1796 deturbat
961 1761 1009 1796 ab
1028 1761 1132 1805 alt-23
1253 1764 1324 1801 175

147 1814 231 1859 ipse
250 1812 491 1859 gubernaclo
513 1817 643 1848 rector
663 1813 781 1857 subit,
802 1816 886 1862 ipse
905 1816 1107 1862 magister,

147 1863 405 1913 hortaturque
426 1868 526 1901 viros
548 1865 781 1915 clavumque
801 1867 849 1903 ad
870 1867 986 1903 litora
1006 1872 1176 1917 torquet.

278 1925 322 1945 ²⁵⁴
345 1927 470 1968 aequo]
491 1929 604 1966 aliquo
622 1927 675 1959 Fl.
934 1928 978 1948 ¹⁵⁸
1002 1931 1135 1962 carinae
1154 1930 1206 1964 F¹.

278 1967 326 2029 ἷξε
351 1971 463 2008 derige
480 1971 548 2002 PR.
599 1972 769 2014 gressum]
790 1983 923 2004 cursum
941 1971 1004 2010 2112,
1024 1973 1148 2006 Seneca.

302 2012 323 2029 '³
348 2014 460 2043 laevas
478 2013 512 2043 R.

147 2054 224 2091 456
