1430 2335
666 79 859 118 VIRGIL

174 156 392 193 Nereidum
415 155 633 205 Phorcique
654 156 794 193 chorus
814 156 1075 206 Panopeaque
1095 160 1217 208 virgo,
1273 162 1349 194 240

173 215 215 246 et
235 215 350 258 pater
366 212 450 258 ipse
470 223 587 246 manu
607 223 752 259 magna
773 210 968 247 Portunus
989 216 1153 248 euntem
1245 224 1350 248 MPuv

172 263 331 311 impulit
350 276 358 299 ε
385 263 453 299 illa
474 263 581 299 Noto
600 266 716 300 citius
735 263 962 313 volucrique
982 267 1129 312 sagitta

172 316 222 352 ad
241 321 388 352 terram
407 316 512 365 fugit
532 321 574 352 et
592 322 708 365 portu
729 329 770 353 se
791 317 971 354 condidit
988 318 1080 354 alto.

225 369 257 404 's
260 383 325 406 um
346 374 454 406 satus
475 369 661 415 Anchisa,
681 373 834 407 cunctis
854 383 902 407 ex
920 384 1028 407 more
1049 374 1208 418 vocatis,

172 425 364 460 victorem
382 436 526 471 magna
545 427 750 472 praeconis
769 437 864 460 voce
884 423 1123 461 Cloanthum
1273 428 1349 461 245

171 476 348 513 declarat
369 477 562 526 viridique
582 477 741 514 advelat
758 482 939 526 tempora
957 478 1077 524 lauro,

171 543 413 580 muneraque
433 533 474 566 in
494 532 602 566 navis
621 536 756 567 ternos
775 536 912 579 optare
931 533 1116 568 iuvencos

171 587 341 633 vinaque
361 588 403 620 et
422 586 578 633 argenti
597 597 785 633 magnum
805 584 875 620 dat
893 584 996 621 ferre
1016 585 1223 622 talentum.

170 639 264 686 ipsis
278 639 507 686 praecipuos
525 637 754 674 ductoribus
774 638 886 674 addit
903 637 1071 674 honores
1089 651 1096 674 :

170 694 310 727 victori
328 690 577 739 chlamydem
593 696 784 736 auratam,
797 704 914 740 quam
930 692 1097 740 plurima
1112 694 1258 728 circum
1274 696 1350 728 250

170 757 344 793 purpura
364 744 580 780 Maeandro
608 744 756 793 duplici
777 744 976 781 Meliboea
991 747 1177 791 cucurrit,

170 801 428 847 intextusque
447 811 547 847 puer
564 797 749 834 frondosa
769 800 900 847 regius
920 798 992 835 Ida

170 852 316 888 velocis
335 851 462 888 iaculo
481 864 614 887 cervos
635 864 828 901 cursuque
848 851 1004 901 fatigat,

170 918 271 950 acer,
291 904 496 947 anhelanti
514 905 652 942 similis
669 918 677 949 ;
706 918 825 954 quem
843 918 1008 954 praepes
1028 906 1076 942 ab
1098 905 1169 942 Ida

171 959 379 995 sublimem
400 958 565 1007 pedibus
583 961 714 1007 rapuit
733 959 836 995 Iovis
854 961 1023 1007 armiger
1043 962 1153 996 uncis
1168 971 1177 1002 ;
1277 963 1350 996 255

170 1011 354 1061 longaevi
372 1011 521 1062 palmas
539 1015 779 1061 nequiquam
798 1011 848 1048 ad
867 1013 995 1048 sidera
1013 1012 1189 1049 tendunt

171 1065 368 1110 custodes,
387 1068 590 1114 saevitque
609 1078 750 1101 canum
769 1065 936 1102 latratus
955 1068 997 1102 in
1015 1079 1139 1103 auras.

171 1125 212 1155 at
233 1122 299 1168 qui
319 1119 466 1155 deinde
487 1119 614 1155 locum
636 1121 768 1155 tenuit
787 1121 934 1156 virtute
953 1119 1185 1165 secundum,

170 1173 323 1209 levibus
342 1172 433 1209 huic
454 1172 578 1208 hamis
598 1178 818 1209 consertam
837 1185 1010 1222 auroque
1023 1172 1194 1210 trilicem

171 1227 344 1271 loricam,
364 1239 478 1275 quam
504 1226 697 1262 Demoleo
715 1225 944 1263 detraxerat
960 1229 1045 1275 ipse
1277 1224 1352 1263 260

172 1283 298 1316 victor
315 1279 419 1328 apud
439 1279 620 1327 rapidum
640 1279 845 1316 Simoenta
863 1280 936 1316 sub
956 1280 1029 1316 Ilio
1046 1279 1143 1325 alto,

172 1333 297 1369 donat
315 1332 462 1369 habere
485 1335 579 1376 viro,
599 1332 720 1369 decus
741 1338 783 1369 et
801 1337 984 1370 tutamen
1002 1335 1044 1369 in
1063 1335 1191 1369 armis.

172 1390 235 1422 vix
256 1386 364 1422 illam
385 1385 520 1422 famuli
543 1385 725 1434 Phegeus
745 1385 979 1435 Sagarisque
994 1386 1177 1423 ferebant

172 1439 449 1488 multiplicem,
467 1442 597 1475 conixi
617 1442 782 1483 umeris3
810 1439 973 1476 indutus
990 1444 1033 1476 at
1051 1440 1143 1476 olim

174 1494 387 1530 Demoleos
407 1505 522 1529 cursu
542 1492 711 1541 palantis
729 1492 849 1530 Troas
867 1493 1022 1542 agebat.
1278 1490 1352 1530 265

174 1550 293 1584 tertia
313 1546 416 1582 dona
434 1546 530 1582 facit
548 1549 728 1594 geminos
747 1559 795 1582 ex
814 1559 905 1583 aere
924 1546 1076 1583 lebetas

174 1601 407 1649 cymbiaque
426 1605 595 1648 argento
613 1599 791 1648 perfecta
809 1605 930 1649 atque
947 1612 1085 1649 aspera
1103 1601 1237 1647 signis.

228 1654 391 1702 Iamque
410 1652 510 1689 adeo
528 1652 664 1689 donati
679 1666 816 1690 omnes
834 1654 1053 1702 opibusque
1073 1653 1232 1701 superbi

173 1709 352 1756 puniceis
371 1706 484 1742 ibant
502 1709 648 1742 evincti
666 1712 847 1755 tempora
864 1709 1005 1752 taenis,

175 1774 263 1797 cum
284 1773 400 1796 saevo
420 1773 441 1796 e
461 1759 622 1808 scopulo
640 1759 767 1796 multa
785 1763 849 1796 vix
869 1765 954 1797 arte
972 1759 1160 1804 revolsus,
1279 1760 1354 1797 270

516 1851 564 1870 ²⁴¹
587 1852 769 1892 Neptunus
784 1851 834 1892 7¹.

515 1894 560 1913 ²³⁹
586 1897 763 1936 praecipue
781 1896 829 1935 ΑΙ,
843 1895 986 1928 Nmu'us.

517 1937 563 1956 2⁵⁷
587 1939 637 1977 in]
651 1939 692 1969 ad
710 1939 749 1969 P.

516 1979 562 1999 ²⁷⁰
587 1982 755 2012 revulsam
773 1981 812 2013 R.

182 2034 259 2073 462
