1430 2335
701 83 894 120 leGIL

269 161 371 197 Urbs
389 161 551 208 antiqua
571 157 647 194 fuit
665 157 791 208 (Tyrii
811 164 975 195 tenuere
996 157 1142 207 coloni)

217 223 432 273 szrthago,
453 222 608 258 Italiam
631 228 764 258 contra
784 222 1049 272 Tiberinaque
1070 223 1188 271 longe

214 290 323 331 ostia,
343 287 453 324 dives
473 300 591 335 opum
613 286 828 335 studiisque
847 289 1058 336 asperrima
1078 286 1196 330 belli;

214 364 332 401 quam
354 351 452 388 Iuno
472 350 598 387 fertur
618 353 732 387 terris
753 354 875 398 magis
895 351 1075 386 omnibus
1095 363 1213 386 unam
1344 354 1387 385 15

214 415 439 465 posthabita
459 415 623 451 coluisse
640 414 778 458 Samo;
809 414 873 450 hic
895 415 998 450 illius
1017 428 1134 459 arma,

216 479 278 515 hic
299 493 432 516 currus
453 479 541 524 suit,
563 479 635 515 hoc
658 492 825 528 regnum
845 479 920 515 dea
940 479 1125 528 gentibus
1147 492 1245 525 esse,

215 548 244 580 si
266 557 341 593 qua
361 544 441 580 fata
461 547 605 589 sinant,
625 546 701 579 iam
718 549 803 579 tum
823 543 1034 593 tenditque
1054 543 1252 593 fovetque.

215 611 446 658 progeniem
468 608 536 644 sed
558 611 663 644 enim
684 608 852 644 Troiano
873 621 893 643 a
915 612 1104 657 sanguine
1125 608 1214 644 duci

213 673 406 717 audierat,
427 672 562 721 Tyrias
582 672 675 708 olim
695 685 795 721 quae
817 676 991 708 verteret
1010 684 1140 715 arces3
1341 675 1390 707 20

215 736 307 773 hinc
328 736 520 786 populum
541 736 621 772 late
643 749 778 785 regem
798 736 982 785 belloque
1004 737 1215 785 superbum

215 806 423 837 venturum
444 800 597 837 excidio
618 799 790 849 Libyae:
821 803 873 835 sic
894 800 1051 836 volvere
1073 800 1221 836 Parcas.

214 865 254 902 id
275 870 457 902 metuens
479 868 702 913 veterisque
722 877 874 901 memor
894 864 1077 901 Saturnia
1098 864 1206 908 bell3,

215 930 339 976 prima
360 926 465 976 quod
485 926 534 962 ad
555 925 710 961 Troiam
734 938 803 975 pro
825 928 921 962 caris
941 931 1117 975 gesserat
1140 927 1255 975 Argis

214 989 404 1040 (necdum
426 993 545 1026 etiam
567 1003 706 1026 causae
727 992 867 1025 irarum
891 992 1075 1038 saevique
1096 989 1250 1026 dolores
1341 993 1388 1025 25

215 1057 445 1093 exciderant
465 1059 619 1100 animo3
649 1062 783 1092 manet
804 1056 882 1092 alta
902 1060 1039 1092 mente
1059 1061 1260 1104 repostum

214 1121 401 1156 iudicium
424 1120 570 1157 Paridis
596 1125 832 1169 spretaeque
853 1122 991 1155 iniuria
1013 1118 1174 1164 formae,
1336 1130 1389 1154 MR

214 1190 255 1221 et
274 1198 400 1233 genus
421 1187 587 1220 invisum
608 1189 648 1220 et
670 1187 770 1233 rapti
792 1183 1035 1233 Ganymedis
1056 1182 1295 1231 honores)—

214 1249 273 1284 his
293 1262 457 1285 accensa
473 1262 602 1297 super,
624 1251 786 1284 iactatos
806 1260 975 1297 aequore
997 1252 1083 1283 toto

213 1312 346 1357 Troas,
367 1312 550 1360 reliquias
572 1311 754 1346 Danaum
774 1316 892 1359 atque
913 1312 1076 1346 immitis
1098 1309 1255 1354 Achilli,
1342 1313 1389 1344 30

212 1377 372 1412 arcebat
390 1376 508 1423 longe
530 1375 644 1411 Latio
661 1387 670 1418 3
699 1375 922 1424 multosque
942 1387 1013 1423 per
1027 1386 1150 1410 annos

213 1441 408 1484 errabant,
428 1442 506 1475 acti
526 1439 630 1483 fatis,
650 1441 769 1474 maria
789 1441 919 1474 omnia
939 1441 1095 1474 circum.

212 1510 348 1541 tantae
369 1504 481 1540 molis
497 1509 581 1540 erat
604 1504 818 1539 Romanam
838 1502 1008 1538 condere
1029 1507 1203 1551 gentem.

267 1569 340 1604 Vix
370 1582 390 1604 e
412 1572 627 1616 conspectu
647 1566 802 1603 Siculae
824 1566 976 1602 telluris
996 1569 1035 1601 iu
1055 1566 1181 1601 altum

213 1633 299 1670 vela
319 1633 466 1668 dabant
488 1632 581 1668 laeti
603 1637 643 1667 et
664 1644 819 1680 spumas
845 1630 934 1667 salis
953 1643 1042 1667 aere
1062 1630 1243 1675 ruebant,
1343 1633 1388 1666 35

213 1710 300 1732 cum
326 1696 435 1741 Iuno,
456 1701 660 1732 aeternum
682 1707 840 1731 servans
860 1695 932 1730 sub
951 1698 1113 1742 pectore
1133 1694 1282 1739 volnus,

213 1761 309 1796 hacc
330 1773 486 1797 secum:
516 1764 539 1780 “
553 1772 669 1795 mene
690 1762 850 1808 incepto
869 1758 1060 1795 desistere
1080 1760 1223 1794 victam

213 1838 286 1861 nec
308 1838 420 1874 posse
443 1824 555 1860 Italia
576 1823 816 1860 Teucrorum
833 1827 1011 1859 avertere
1032 1821 1188 1871 regem!

383 1937 411 1957 ¹⁸
436 1938 553 1969 sinunt
572 1936 644 1969 Ml.
904 1934 933 1953 ³⁰
957 1936 1102 1968 Achillis
1118 1936 1156 1967 R.

216 2009 234 2040 δυ

246 2009 261 2039 ,μ

267 2010 288 2040 m
