1430 2335
681 76 873 113 VIRGIL

181 158 236 197 et,
257 166 346 189 cum
367 152 511 201 frigida
532 165 634 189 mors
654 155 784 189 anima
805 152 1006 189 seduxerit
1026 158 1147 198 artus,
1284 155 1359 188 385

182 215 364 250 omnibus
384 215 523 251 umbra
543 215 637 251 locis
656 214 788 252 adero.
844 214 969 260 dabis,
988 215 1179 264 improbe,
1200 227 1359 264 poenas.

181 276 340 312 audiam
361 281 403 313 et
426 276 523 312 haec
546 277 676 312 Manis
698 278 833 313 veniet
851 276 949 312 mihi
969 276 1072 312 fama
1093 277 1165 313 sub
1185 275 1320 312 imos.”

181 337 242 373 his
262 338 438 374 medium
460 338 576 374 dictis
596 351 821 375 sermonem
840 339 1041 388 abrumpit
1062 343 1104 375 et
1124 350 1237 374 auras

183 412 302 448 aegra
321 399 425 449 fugit
444 413 566 450 seque
588 413 636 437 ex
657 400 779 437 oculis
798 402 945 438 avertit
964 405 1005 437 et
1023 399 1166 445 aufert,

182 461 367 511 linquens
387 462 514 498 multa
534 467 644 499 metu
667 467 926 499 cunctantem
946 466 988 499 et
1007 462 1132 499 multa
1152 466 1359 511 parantem

183 523 326 560 dicere.
376 526 596 572 suscipiunt
615 523 786 560 famulae
803 523 1067 573 conlapsaque
1086 524 1263 560 membra
1285 527 1355 564 391

181 598 400 622 marmoreo
421 585 602 622 referunt
624 585 801 622 thalamo
820 588 1032 636 stratisque
1052 590 1263 635 reponunt.

237 648 291 684 At
311 650 399 697 pius
421 648 591 693 Aeneas,
613 661 850 697 quamquam
870 648 995 684 lenire
1015 647 1220 685 dolentem

182 708 346 745 solando
367 711 478 758 cupit
499 714 540 746 et
560 709 677 746 dictis
697 714 876 747 avertere
897 722 1020 754 curas,

181 770 306 807 multa
326 783 491 820 gemens
512 784 738 821 magnoque
757 774 933 807 animum
955 770 1176 808 labefactus
1197 784 1344 815 amore,

182 835 284 869 iussa
302 838 439 869 tamen
458 833 591 870 divum
611 836 840 883 exsequitur
855 833 1100 882 classemque
1116 835 1262 870 revisit.
1285 831 1361 874 396

183 898 268 930 tum
288 906 380 931 vero
400 893 543 931 Teucri
564 895 800 931 incumbunt
821 899 863 931 et
881 894 998 931 litore
1018 895 1142 931 celsas

181 955 386 991 deducunt
406 960 491 992 toto
511 958 632 995 navis,
691 961 804 992 natat
823 961 942 992 uncta
963 959 1106 1001 carina,

180 1016 481 1067 frondentisque
502 1017 637 1054 ferunt
657 1030 786 1055 remos
807 1022 850 1054 et
869 1018 1010 1054 robora
1030 1017 1136 1054 silvis

180 1077 410 1114 infabricata
429 1077 547 1127 fugae
567 1079 708 1116 studio.
1285 1084 1360 1115 400

179 1141 385 1188 migrantis
405 1152 539 1176 cernas
559 1145 721 1189 totaque
742 1153 790 1176 ex
811 1141 906 1176 urbe
926 1143 1087 1177 ruentis.

179 1212 223 1236 ac
249 1200 373 1236 veluti
393 1202 600 1249 ingentem
621 1201 806 1238 formicae
829 1201 937 1237 farris
957 1214 1139 1238 acervum

180 1273 269 1296 cum
288 1261 481 1310 populant
502 1261 640 1298 hiemis
660 1274 854 1299 memores
872 1267 1062 1312 tectoque
1082 1268 1281 1311 reponunt
1298 1276 1306 1307 ;

179 1324 212 1358 it
230 1325 388 1371 nigrum
407 1326 554 1372 campis
574 1336 731 1372 agmen,
752 1323 1018 1373 praedamque
1039 1336 1110 1374 per
1128 1324 1270 1362 herbas

178 1389 416 1420 convectant
435 1384 533 1421 calle
552 1390 722 1433 angusto
739 1397 747 1428 3
776 1397 865 1434 pars
885 1385 1050 1433 grandia
1070 1385 1236 1422 trudunt
1284 1391 1358 1422 405

178 1445 345 1481 obnixae
366 1445 565 1482 frumenta
586 1449 743 1491 umeris,
764 1459 852 1496 pars
867 1449 1025 1496 agmina
1045 1452 1192 1496 cogunt

177 1509 452 1557 castigantque
473 1521 622 1551 moras;
651 1521 770 1556 opere
791 1511 917 1544 omnis
937 1511 1077 1544 semita
1096 1508 1235 1546 fervet.

177 1571 263 1617 quis
283 1569 355 1604 tibi
376 1574 474 1614 tum,
496 1569 614 1614 Dido,
639 1572 820 1606 cernenti
840 1569 934 1605 talia
954 1582 1104 1615 sensus,

177 1641 322 1678 quosve
343 1629 462 1666 dabas
482 1634 668 1679 gemitus,
689 1643 778 1667 cum
798 1630 914 1667 litora
934 1631 1087 1668 fervere
1105 1631 1187 1669 late

176 1693 422 1739 prospiceres
442 1704 530 1727 arce
552 1704 600 1727 ex
621 1704 785 1737 summa,
807 1696 1015 1741 totumque
1037 1692 1191 1730 videres
1282 1698 1359 1730 410

175 1753 329 1787 misceri
349 1756 444 1788 ante
464 1752 597 1788 oculos
620 1754 740 1788 tantis
761 1752 997 1789 clamoribus
1015 1754 1182 1803 aequor!

174 1813 351 1860 improbe
372 1813 508 1859 Amor,
527 1813 622 1863 quid
642 1826 721 1849 non
746 1813 925 1849 mortalia
944 1819 1104 1863 pectora
1123 1818 1229 1864 cogis
1246 1817 1252 1852 2

174 1875 230 1909 ire
251 1876 395 1910 iterum
417 1876 457 1910 in
479 1874 670 1919 lacrimas,
691 1877 836 1911 iterum
855 1880 1052 1924 temptare
1072 1876 1270 1924 precando

215 1936 260 1955 ³⁹⁰
284 1938 475 1976 parantem]
494 1939 664 1969 volentem
684 1939 730 1969 M.
880 1935 925 1957 4⁰²
950 1939 1055 1969 veluti
1072 1940 1110 1970 M
1123 1952 1132 1971 :
1154 1940 1245 1971 velut
1262 1940 1301 1972 P.

215 1978 260 1998 ⁴⁰⁷
286 1990 408 2021 operae
426 1981 476 2011 *111
494 1991 499 2011 :
522 1991 621 2019 opere
638 1980 725 2012 M²P
739 1994 748 2012 .·
771 1990 871 2022 opera
887 1981 1025 2012 Nonius.

172 2035 249 2067 422
