1430 2335
689 93 881 130 VIRGIL

192 173 340 219 quippe
362 174 474 206 vetor
494 169 596 206 fatis.
656 169 833 206 Pallasne
854 180 1018 205 exurere
1038 167 1200 204 classem

190 233 382 279 Argivum
403 236 522 280 atque
542 233 646 280 ipsos
666 233 796 279 potuit
815 231 1070 278 submergere
1091 234 1213 278 ponto
1321 231 1371 263 40

190 295 306 328 unius
325 292 375 328 ob
394 305 536 328 noxam
557 297 599 328 et
619 292 737 328 furias
758 293 887 328 Aiacis
907 291 1041 328 Oilei?

191 355 274 402 ipsa
294 353 396 390 Iovis
414 353 596 403 rapidum
616 353 783 389 iaculata
799 366 820 390 e
841 353 1009 389 nubibus
1027 354 1162 401 ignem

191 415 427 464 disiecitque
448 421 553 452 rates
572 418 797 465 evertitque
817 427 987 464 aequora
1006 416 1133 451 ventis
1150 426 1159 458 ;

192 476 306 513 illum
328 479 598 527 exspirantem
618 476 806 513 transfixo
825 481 986 526 pectore
1004 475 1178 511 flammas

191 539 351 575 turbine
371 541 561 588 corripuit
579 539 821 587 scopuloque
840 537 969 574 infixit
988 542 1127 580 acuto3
1321 538 1369 570 45

191 605 252 636 ast
275 613 363 648 ego,
382 613 483 649 quae
509 600 643 636 divum
663 599 807 636 incedo
825 602 977 648 regina)
997 598 1176 647 Iovisque

192 667 234 698 et
254 675 361 698 soror
382 668 423 698 et
443 664 628 707 coniunx,
648 675 725 697 una
745 674 834 697 cum
853 665 975 710 gente
992 665 1052 696 tot
1070 672 1193 695 anuos

192 723 297 759 bella
316 737 421 772 gero.
487 728 530 760 et
547 725 753 773 quisquam
774 735 920 759 numen
943 722 1102 758 Iunonis
1121 721 1258 756 adorat

193 791 397 833 praeterea
418 791 487 821 aut
508 786 675 834 supplex
694 788 768 821 aris
788 788 970 833 imponet
988 783 1176 819 honorem
1195 783 1209 817 ἓ
1225 781 1247 793 ”

244 846 356 882 Talia
374 845 572 882 flammato
592 859 723 882 secum
745 846 819 882 dea
839 845 955 881 corde
976 844 1155 881 volutans
1324 845 1372 878 50

192 908 415 944 nimborum
436 911 477 943 in
499 911 680 957 patriam,
699 907 785 943 loca
805 907 885 943 feta
906 906 1128 943 furentibus
1149 905 1317 947 Austris,

194 969 373 1005 Aeoliam
396 972 516 1006 venit.
573 970 637 1006 hic
657 974 765 1005 vasto
787 982 854 1005 rex
874 968 1021 1005 Aeolus
1039 972 1153 1004 antro

192 1031 381 1068 luctantis
399 1037 540 1068 ventos
558 1036 901 1080 tempestatesque
919 1042 1077 1066 sonoras

195 1096 361 1142 imperio
382 1096 527 1143 premit
547 1107 591 1130 ac
613 1093 751 1129 vinclis
772 1098 813 1130 et
833 1105 989 1129 carcere
1010 1092 1152 1128 frenat.

193 1155 250 1190 illi
271 1155 527 1203 indignantes
547 1168 692 1203 magno
712 1167 801 1190 cum
820 1166 1020 1190 murmure
1041 1154 1186 1189 montis
1326 1153 1372 1187 55

192 1215 337 1248 circum
359 1212 529 1249 claustra
548 1212 723 1248 fremunt
739 1224 748 1254 3
777 1211 882 1247 celsa
901 1211 1015 1247 sedet
1036 1210 1183 1246 Aeolus
1202 1222 1290 1246 arce

193 1275 348 1318 sceptra
367 1275 526 1314 tenens,
541 1269 749 1318 mollitque
768 1271 918 1304 animos
938 1273 979 1304 et
1000 1272 1198 1316 temperat
1217 1270 1291 1303 iras
1308 1278 1318 1310 3

193 1330 232 1362 ni
254 1327 385 1372 faciat,
404 1330 524 1363 maria
543 1340 588 1362 ac
609 1331 732 1362 terras
753 1326 984 1374 caelumque
1004 1325 1243 1374 profundum

193 1387 339 1433 quippe
361 1384 489 1420 ferant
511 1384 636 1433 rapidi
657 1397 790 1420 secum
811 1388 1049 1432 verrantque
1070 1395 1139 1431 per
1157 1395 1280 1419 auras.

193 1442 261 1478 sed
284 1446 397 1489 pater
417 1445 670 1489 omnipotens
690 1441 890 1490 speluncis
909 1439 1063 1476 abdidit
1081 1442 1188 1483 atris,
1323 1437 1373 1474 60

194 1499 267 1534 hoc
290 1505 486 1543 metuens,
507 1498 732 1547 molemque
753 1504 794 1535 et
813 1501 959 1534 montis
978 1500 1138 1546 insuper
1157 1497 1256 1533 altos

193 1559 379 1605 imposuit
399 1569 614 1605 regemque
634 1556 760 1600 dedit,
786 1558 853 1605 qui
872 1554 1033 1591 foedere
1052 1559 1162 1590 certo

194 1619 233 1649 et
255 1626 436 1662 premere
458 1618 500 1649 et
521 1613 626 1648 laxas
646 1615 765 1649 sciret
784 1612 878 1649 dare
897 1615 1022 1648 iussus
1042 1611 1226 1647 habenas.

192 1671 240 1706 ad
262 1684 380 1719 quem
400 1676 486 1707 tum
510 1670 607 1705 luno
627 1669 793 1718 supplex
813 1669 873 1705 his
893 1669 1052 1705 vocibus
1072 1681 1138 1704 usa
1159 1674 1243 1704 cst:

223 1732 247 1747 ⁶<
261 1727 399 1771 Aeole,
412 1740 582 1774 namque
599 1726 667 1761 tibi
681 1726 812 1761 divum
828 1731 942 1774 patei·
955 1730 1074 1774 atque
1090 1725 1292 1761 hominum
1306 1738 1373 1761 rex

194 1791 234 1821 et
255 1785 428 1820 mulcere
449 1784 563 1820 dedit
584 1783 723 1819 fluctus
745 1788 785 1819 et
804 1783 945 1819 tollere
965 1788 1100 1828 vento,
1323 1781 1373 1820 66

193 1855 291 1889 ¹(gens
311 1844 467 1877 inimica
487 1841 583 1877 1111111
602 1840 851 1889 Tyrrhenum
872 1843 1031 1888 navigat
1049 1853 1208 1890 aequor,

196 1900 308 1934 Ilium
328 1901 365 1933 111
391 1898 544 1934 Italiam
566 1902 727 1946 portans
747 1899 949 1946 victosque
971 1896 1152 1934 Penatis:

323 1991 349 2010 ⁴¹
376 1992 443 2024 Oili
460 1993 506 2024 M.
691 1989 720 2008 ⁴³
745 1992 896 2032 pectore]
920 1995 1071 2030 tempore
1086 1991 1222 2024 Probus.

195 2053 215 2083 Q
228 2053 242 2083 l-
254 2052 270 2083 l·
