1430 2335
677 75 871 114 VIRGIL

188 152 341 198 ludere,
355 157 439 188 tum
461 150 607 199 rigidas
625 156 776 186 motare
795 153 999 186 cacumina
1017 162 1206 199 quercus3

189 218 262 242 nec
281 210 436 242 tantum
464 204 620 240 Phoebo
639 204 789 252 gaudet
810 204 991 240 Parnasia
1010 216 1142 253 rupes,

188 272 263 296 nec
283 264 439 295 tantum
462 257 654 306 Rhodope
669 259 835 293 miratur
850 262 891 293 et
909 257 1078 294 Ismarus
1094 257 1269 306 Orphea.
1315 261 1365 295 30

242 312 425 361 Namque
446 311 628 355 canebat,
643 313 702 346 uti
723 323 908 360 magnum
930 323 1001 359 per
1020 313 1137 347 inane
1158 316 1294 347 coacta

190 368 340 402 semina
360 371 633 413 terrarumque
652 366 885 413 animaeque
899 366 1097 414 marisque
1117 364 1286 401 fuissent

190 424 232 455 et
250 418 391 469 liquidi
410 418 524 454 simul
546 419 672 466 ignis3
700 422 746 453 ut
765 416 826 453 his
846 417 1007 453 exordia
1027 419 1177 467 primis,

190 474 322 508 onmia
341 476 384 508 et
402 474 487 520 ipse
506 476 622 507 tener
640 470 781 506 mundi
801 473 1047 507 concreverit
1065 471 1170 507 orbis
1185 483 1194 515 3

190 531 277 562 tum
296 525 437 562 durare
457 524 583 560 solum
603 529 645 560 et
663 523 888 560 discludere
907 523 1037 560 Nerea
1057 529 1181 572 ponto
1316 528 1365 562 35

191 581 368 629 coeperit
386 583 427 615 et
446 590 577 614 rerum
598 577 785 626 paulatim
800 589 958 614 sumere
976 576 1121 614 formas
1135 590 1144 621 ;

191 635 348 682 iamque
367 644 512 669 novum
530 636 661 668 terrae
680 635 870 680 stupeant
888 630 1087 667 lucescere
1106 631 1243 677 solem,

191 687 309 722 altius
327 691 447 735 atque
467 685 612 721 cadant
631 684 823 721 submotis
842 684 1012 720 nubibus
1031 685 1200 729 imbres3

192 742 384 788 incipiant
398 739 517 775 silvae
537 751 626 775 cum
646 740 816 787 primum
836 751 1012 786 surgere,
1031 751 1200 788 cumque

192 805 277 829 rara
295 805 367 842 per
386 795 542 841 ignaros
561 796 696 827 errent
713 792 897 828 animalia
915 794 1073 828 montis.
1316 796 1367 829 40

249 846 356 883 Hinc
374 846 526 895 lapides
547 844 720 895 Pyrrhae
739 847 875 890 iactos,
891 843 1075 881 Saturnia
1093 858 1229 895 regna,

195 898 478 949 Caucasiasque
496 898 621 935 refert
640 898 816 935 volucres
837 898 1067 948 furtumque
1090 899 1330 937 Promethei.

194 952 254 989 his
273 953 469 1002 adiungit,
491 953 627 1002 Hylan
648 957 791 988 nautae
813 965 890 1002 quo
910 951 1021 988 fonte
1041 952 1226 989 relictum

194 1007 442 1050 clamassent,
457 1011 502 1043 ut
519 1006 614 1043 litus
634 1009 658 1026 “
672 1005 793 1054 Hyla,
814 1005 924 1055 Hyla
937 1004 959 1016 ’'
980 1018 1098 1043 omne
1116 1012 1286 1044 sonaret.

195 1065 236 1096 et
255 1060 508 1106 fortunatam,
529 1062 560 1096 si
579 1072 795 1108 numquam
813 1063 993 1096 armenta
1010 1058 1193 1107 fuissent,
1318 1064 1367 1097 45

197 1113 419 1163 Pasiphaen
438 1116 545 1149 nivei
563 1113 711 1149 solatur
729 1125 861 1149 amore
881 1115 1048 1149 iuvenci.

194 1169 236 1203 a!
269 1170 378 1215 virgo
398 1166 550 1211 infelix,
572 1178 673 1216 quae
694 1171 734 1203 te
755 1165 959 1202 dementia
980 1168 1088 1216 cepit
1106 1167 1114 1203 1

196 1220 404 1258 Proetides
422 1220 640 1270 implerunt
659 1218 764 1256 falsis
783 1219 1001 1268 mugitibus
1019 1233 1132 1269 agros
1148 1233 1156 1258 ε
1288 1233 1371 1257 nra

194 1280 236 1311 at
255 1288 332 1311 uon
352 1279 434 1310 tam
454 1276 580 1323 turpis
600 1273 798 1321 pecudum
818 1278 954 1309 tamen
974 1273 1053 1309 ulla
1073 1279 1210 1311 secuta

195 1328 442 1374 concubitus,
457 1330 634 1377 quamvis
654 1327 755 1364 collo
774 1329 975 1363 timuisset
992 1332 1167 1364 aratrum
1319 1332 1369 1365 50

195 1388 237 1420 et
256 1394 374 1431 saepe
393 1383 435 1417 in
455 1381 532 1417 levi
552 1383 771 1431 quaesisset
791 1393 938 1416 cornua
956 1379 1102 1418 fronte.

193 1436 239 1472 a!
268 1438 379 1484 virgo
399 1434 552 1480 infelix,
572 1440 614 1472 tu
636 1447 742 1470 nunc
762 1436 804 1470 in
823 1434 1025 1471 montibus
1046 1446 1178 1473 erras:

193 1490 273 1534 ille,
293 1489 398 1526 latus
417 1491 578 1525 niveum
597 1488 708 1524 molli
726 1487 850 1524 fultus
869 1487 1100 1538 hyacintho,

193 1543 282 1579 ilice
302 1543 375 1579 sub
396 1545 507 1591 nigra
526 1541 715 1591 pallentis
734 1544 906 1577 ruminat
924 1540 1080 1584 herbas,

192 1602 262 1634 aut
290 1596 462 1646 aliquam
497 1598 539 1632 in
571 1607 718 1645 magno
747 1597 927 1645 sequitur
958 1607 1095 1644 grege.
1144 1597 1170 1616 “
1182 1594 1370 1640 claudite,

299 1648 523 1699 Nymphae,
1320 1653 1368 1685 55

195 1703 385 1740 Dictaeae
408 1701 631 1753 Nymphae,
649 1714 856 1739 nemorum
877 1703 955 1738 iam
975 1701 1149 1739 claudite
1169 1702 1304 1746 saltus,

193 1759 223 1792 si
244 1770 319 1805 qua
339 1756 442 1794 forte
461 1756 593 1793 ferant
612 1755 733 1793 oculis
752 1768 837 1792 sese
857 1755 971 1792 obvia
989 1759 1134 1794 nostris

193 1810 417 1847 errabunda
436 1809 546 1847 bovis
566 1812 761 1859 vestigia3
790 1808 955 1846 forsitan
975 1809 1089 1846 illum

277 1883 308 1902 ³⁰
334 1886 500 1915 mirantur
516 1884 557 1917 R,
833 1882 863 1901 ³³
888 1883 1042 1923 exordia]
1058 1893 1100 1914 ex
1112 1884 1229 1916 omnia
1244 1884 1283 1916 P.

276 1926 307 1945 ²³⁴
331 1928 463 1959 omnisa
478 1926 533 1959 Pl.
682 1925 714 1946 ³⁸
738 1929 842 1964 utque
853 1926 890 1958 R.
1041 1925 1071 1945 ‘⁰
1094 1927 1232 1966 ignotos
1242 1927 1282 1958 P.

278 1970 306 1989 ⁴¹¹
334 1971 398 2002 Hic
413 1970 454 2002 P.
558 1969 587 1988 ⁴⁹
615 1974 731 2002 secuta
747 1973 797 2001 est
812 1970 851 2001 R.
963 1968 992 1988 ⁵¹
1018 1971 1227 2008 quaesissent
1243 1970 1283 2002 P.

192 2031 241 2065 *Η

1428 287 1430 307 Α,
1425 102 1430 274 -..—.---....
1423 0 1430 87 -..Α-
