1430 2335
705 66 900 104 VIRGIL

271 144 385 179 Haec
406 142 562 179 Damon
579 157 586 178 z
607 155 690 188 VOS,
703 155 802 192 quae
823 142 1075 192 responderit
1091 141 1398 191 Alphesiboeus,

215 198 352 242 dicite,
375 196 551 232 Pierides
569 209 577 240 ;
606 208 685 232 non
706 198 836 232 omnia
857 208 1062 245 possumus
1082 208 1229 233 01111168.

664 295 684 317 Α
691 294 873 317 LPHESIBO
879 294 946 317 EUS

268 356 292 373 “
308 351 415 388 Effer
432 364 573 401 aquam
596 356 637 388 et
656 350 765 387 molli
785 353 901 399 cinge
920 350 1018 387 11366
1037 351 1176 388 altaria
1194 353 1293 388 vitta

217 406 487 454 verbenasque
507 405 622 441 adole
643 407 802 453 pinguis
822 409 865 440 et
885 404 1058 440 mascula
1077 409 1180 450 tura,
1346 402 1395 441 65

217 461 396 507 coniugis
416 464 461 495 ut
481 460 644 507 mag-icis
664 470 780 494 sanos
799 462 979 494 avertere
998 460 1116 494 sacris

217 514 396 561 experiar
414 525 551 548 sensus
568 525 576 555 ;
606 510 706 547 1111111
726 510 790 546 1116
811 513 885 547 11181
904 513 1077 547 carmina
1096 511 1253 547 desunt.

263 598 397 634 ducite
443 599 492 634 31)
536 598 635 634 urbe
680 597 857 643 domum,
898 610 988 633 mea
1033 599 1218 643 carmina,
1263 598 1398 635 ducite

324 651 537 701 Daphnim.

219 767 390 801 carmina
410 764 473 800 vel
494 763 602 800 caelo
623 768 790 813 possunt
809 763 1011 800 deducere
1030 763 1178 810 lunam,

219 818 456 855 carminibus
478 818 590 854 Circe
611 820 735 854 socios
753 820 927 853 mutavit
949 817 1070 862 Ulixi,
1349 820 1399 856 70

219 871 386 921 frigidus
404 874 445 908 in
466 874 588 921 pratis
609 870 806 907 cantando
827 872 1026 920 rumpitur
1044 873 1194 920 anguis.

271 957 406 994 ducite
451 958 501 993 ab
543 957 638 993 urbe
685 956 860 1000 domum,
902 969 991 993 mea
1037 959 1223 1003 carmina,
1265 957 1399 994 ducite

326 1010 538 1060 Daphnim.

220 1130 336 1160 terna
356 1123 429 1159 tibi
450 1122 547 1158 11366
568 1124 739 1171 primum
755 1122 903 1171 triplici
922 1121 1080 1158 diversa
1099 1121 1231 1159 colore

220 1177 311 1214 licia
331 1176 546 1222 circumdo,
566 1181 708 1225 terque
728 1175 827 1212 11366
847 1175 986 1211 altaria
1005 1178 1154 1211 circum

221 1231 389 1280 effigiem
411 1229 535 1273 duco3
564 1242 729 1265 numero
749 1228 846 1265 deus
866 1231 1016 1278 impare
1035 1228 1197 1278 gaudet.
1352 1231 1399 1268 75

273 1316 410 1352 ducite
452 1316 501 1351 ab
540 1315 636 1351 urbe
677 1315 854 1368 domum,
905 1326 994 1350 mea
1043 1316 1229 1360 carmina,
1266 1314 1402 1352 ducite

330 1368 543 1418 Daphnim.

223 1493 341 1525 necte
362 1488 488 1524 tribus
508 1486 621 1523 nodis
641 1491 789 1531 ternos,
812 1485 1019 1535 Amaryili,
1039 1485 1211 1531 colores3

223 1547 355 1586 necte,
390 1540 595 1590 Amarylli,
633 1539 753 1576 modo
791 1544 833 1576 et
868 1543 880 1560 ‘
900 1539 1062 1576 Veneris
1079 1540 1087 1551 '
1128 1539 1192 1576 dic
1221 1543 1232 1561 ‘
1247 1541 1402 1577 vincula

327 1594 471 1631 necto?

278 1681 413 1717 ducite
461 1680 510 1715 ab
550 1679 647 1716 urbe
689 1679 864 1724 domum,
906 1691 995 1715 mea
1048 1681 1236 1724 carmina,
1266 1679 1402 1717 ducite

331 1733 545 1782 Daphnim.

228 1845 344 1881 limus
366 1850 409 1880 ut
430 1844 493 1879 hic
514 1843 689 1880 durescit
709 1849 749 1880 et
771 1843 868 1880 haec
887 1848 934 1880 ut
953 1856 1042 1880 cera
1061 1844 1244 1893 liquescit
1352 1849 1401 1881 80

227 1911 306 1934 uno
325 1897 547 1946 eodemque
566 1900 663 1946 igni,
683 1900 737 1933 sic
757 1902 892 1933 nostro
912 1897 1092 1945 Daphnis
1111 1910 1255 1933 amore.

227 1965 368 2000 sparge
388 1950 532 1987 molam
554 1956 594 1986 et
615 1950 764 1999 fragilis
784 1950 953 1987 incende
973 1951 1168 1987 bitumine
1188 1950 1329 1987 laurus.

229 2014 279 2052 60
