1430 2335
674 82 864 119 VIRGIL

184 171 354 208 namque
375 157 527 195 dabunt
547 160 702 195 veniam
722 161 834 203 votis,
854 160 1008 207 irasque
1032 161 1250 194 remittent.

183 212 253 249 sed
274 211 413 248 modus
433 212 570 248 orandi
591 214 656 261 qui
677 214 728 247 sit
747 214 854 260 prius
874 211 1011 248 ordine
1033 211 1172 248 dicam.

183 270 371 314 quattuor
390 267 554 301 eximios
574 267 790 314 praestanti
811 277 972 314 corpore
992 270 1136 307 tauros,

184 321 249 367 qui
269 319 341 354 tibi
363 331 467 354 nunc
488 318 620 354 viridis
641 318 861 366 depascunt
881 330 1032 354 summa
1052 317 1210 366 Lycaei,

184 371 318 420 delige
339 376 380 407 et
400 374 548 407 intacta
568 370 736 407 totidem
759 373 910 406 cervice
931 374 1126 409 iuvencas,
1285 373 1359 405 540

184 429 370 473 quattuor
391 424 448 460 his
468 437 552 460 aras
572 423 652 460 alta
671 424 721 459 ad
740 423 906 460 delubra
927 424 1089 461 dearum

184 480 395 524 constitue,
416 482 457 514 et
477 490 627 513 sacrum
648 477 790 526 iugulis
811 477 981 514 demitte
1002 489 1180 513 cruorem

184 544 424 580 corporaque
444 533 528 579 ipsa
549 531 667 566 boum
688 530 874 566 frondoso
895 531 1032 566 desere
1053 530 1153 567 luco.

185 589 275 633 post
294 584 360 620 ubi
382 597 484 620 nona
504 597 590 620 suos
611 584 761 620 Aurora
781 583 1002 620 ostenderit
1020 589 1141 628 ortus,

187 637 343 673 inferias
364 636 518 686 Orphei
540 636 717 673 Lethaea
738 650 931 686 papavera
952 640 1098 681 mittes,
1288 639 1361 671 545

185 696 226 726 et
247 693 400 739 nigram
425 691 614 726 mactabis
633 703 760 734 ovem,
780 690 992 739 lucumque
1014 693 1180 726 revises:

186 743 381 793 piacatam
405 742 629 793 Eurydicen
651 743 773 779 vitula
793 744 1031 779 venerabere
1052 741 1204 779 caesa.”

243 796 363 833 Haud
385 810 495 833 mora
513 809 521 833 :
549 799 739 833 continuo
759 799 896 832 matris
917 801 1129 846 praecepta
1149 794 1328 837 facessit3

184 849 234 885 ad
254 849 420 886 delubra
441 852 563 894 venit,
584 854 821 886 monstratas
843 852 989 885 excitat
1009 863 1105 893 aras,
1256 860 1364 884 Gninv

185 907 372 952 quattuor
393 905 557 939 eximios
579 904 795 952 praestanti
816 916 978 952 corpore
999 908 1130 939 tauros
1280 913 1365 937 GMR

184 955 293 992 ducit
315 961 356 992 et
377 959 527 992 intacta
546 955 715 992 totidem
737 958 887 992 cervice
908 958 1101 993 iuvencas.
1290 958 1359 990 551

128 1046 139 1055 ,
185 1014 274 1058 post
294 1009 359 1044 ubi
381 1022 483 1045 nona.
503 1022 590 1045 suos
612 1009 764 1044 Aurora
784 1009 994 1046 induxerat
1013 1014 1134 1052 ortus,

187 1061 343 1098 inferias
366 1061 519 1112 Orphei
538 1064 679 1107 mittit,
700 1062 911 1111 lucumque
932 1065 1075 1098 revisit.

187 1114 250 1151 hic
272 1127 362 1151 vero
382 1116 556 1152 subitum
577 1129 621 1151 ac
640 1116 751 1151 dictu
773 1116 951 1151 mirabile
973 1120 1193 1152 monstrum

184 1170 394 1217 aspiciunt,
416 1168 628 1218 liquefacta
647 1169 763 1204 boum
786 1181 856 1216 per
876 1171 1022 1204 viscera
1043 1173 1127 1204 toto
1291 1172 1364 1204 555

186 1221 353 1257 stridere
373 1234 467 1271 apes
490 1227 600 1258 utero
622 1226 664 1257 et
683 1223 810 1270 ruptis
831 1221 1018 1258 effervere
1040 1226 1168 1267 costis,

186 1277 476 1324 immensasque
497 1274 600 1311 trahi
621 1274 756 1319 nubes,
772 1277 929 1324 iamque
949 1275 1085 1311 arbore
1107 1288 1258 1311 summa

186 1327 382 1364 confluere
403 1333 444 1364 et
463 1328 581 1364 lentis
603 1340 718 1363 uvam
741 1327 957 1363 demittere
979 1331 1105 1364 ramis.

242 1487 354 1524 Haec
374 1500 492 1537 super
511 1500 691 1523 arvorum
714 1487 822 1523 cultu
843 1499 1111 1537 pecorumque
1132 1489 1318 1525 canebam

187 1546 228 1577 et
249 1554 367 1590 super
381 1541 596 1583 arboribus,
612 1539 753 1577 Caesar
767 1540 862 1576 dum
880 1553 1046 1589 magnus
1066 1541 1115 1576 ad
1136 1541 1259 1577 altum
1291 1540 1366 1578 560

357 1637 400 1656 ⁵³⁸
417 1639 545 1670 eximio
562 1638 598 1668 R.
651 1637 855 1676 praestantis
872 1637 901 1666 R
913 1650 921 1668 .·
947 1637 1128 1677 prestantis
1145 1649 1176 1677 γ.

358 1680 401 1699 540
425 1682 571 1712 intactas
592 1681 617 1711 R
629 1680 660 1717 V,
679 1681 783 1710 Berne
800 1680 937 1710 Scholia.

359 1723 402 1741 ⁵4²
419 1724 556 1754 dimitte
574 1724 619 1754 M.

358 1766 400 1784 ⁵⁴⁸
424 1767 569 1806 capessit
586 1765 632 1804 M,
652 1767 754 1796 Berne
771 1765 911 1797 Scholia.

359 1808 403 1827 ⁵⁵⁰
426 1810 554 1840 eximio
572 1810 607 1839 R.
666 1809 870 1848 praestanti<
889 1806 944 1840 [2¹².

362 1850 405 1869 ⁵⁵¹
431 1853 574 1883 intacta>-
593 1853 640 1883 R:
665 1853 796 1883 intacto
814 1851 874 1883 Ml.

360 1894 402 1912 ⁶⁵³
427 1895 604 1925 dimittere
623 1896 667 1927 M.

362 1936 405 1955 ⁵⁵⁹
429 1938 540 1968 cultus
560 1940 597 1971 (τ’.

191 2022 266 2056 234ι
