1430 2335
638 93 694 130 VI
699 93 792 131 RGI
799 93 832 130 L

146 173 370 206 monstrum
405 167 660 213 horrendum,
691 168 874 214 informe,
903 171 1059 217 ingens,
1090 171 1152 205 cui
1188 168 1324 207 lumen

252 222 496 271 ademptum.

147 286 288 312 trunca
305 288 425 312 manu
444 278 560 324 pinus
578 278 683 325 regit
702 279 745 312 et
763 277 932 324 vestigia
950 275 1102 320 firmat3

148 329 350 378 lanigerae
370 332 611 365 comitantur
629 341 722 366 oves
740 341 749 372 ;
778 341 824 365 ea
845 328 926 365 sola
946 329 1129 378 voluptas
1250 342 1326 366 mu’

147 383 403 432 solamenque
421 383 527 418 mali.
1249 381 1322 419 661

149 441 357 485 postquam
374 436 477 472 altos
495 438 632 484 tetigit
649 434 789 472 fluctus
810 440 851 472 et
869 435 920 472 ad
938 448 1107 485 aequora
1126 438 1249 482 venit,

148 489 309 525 luminis
329 489 456 526 effossi
475 489 639 525 fluidum
658 488 755 525 lavit
772 488 866 525 inde
886 501 1079 534 cruorem,

149 542 338 579 dentibus
357 542 589 579 infrendens
609 545 776 591 gemitu,
795 542 1054 592 graditurque
1075 555 1145 591 per
1163 555 1310 592 aequor

149 598 226 632 iam
248 596 437 642 medium,
455 595 626 633 necdum
647 595 787 632 fluctus
806 596 931 632 latera
950 595 1072 632 ardua
1090 599 1222 633 tinxit.
1249 595 1325 633 665

149 662 220 686 nos
240 649 375 698 procul
394 649 488 685 inde
508 649 642 698 fugam
661 649 810 698 trepidi
830 649 1016 694 celerare,
1035 654 1196 698 recepto

149 703 328 751 supplice
348 705 402 739 sic
421 705 576 747 merito,
598 705 789 751 tacitique
809 702 986 739 incidere
1005 702 1142 739 funem
1160 715 1169 747 ;

150 759 341 793 verrimus
362 761 403 793 et
423 759 536 805 proni
556 756 803 792 certantibus
822 769 992 805 aequora
1011 759 1140 793 remis.

150 812 274 846 sensit
294 815 334 846 et
354 809 402 846 ad
425 812 598 846 sonitum
619 811 724 845 vocis
743 812 911 857 vestigia
929 811 1054 846 torsit.

151 875 287 899 verum
306 864 372 899 ubi
394 863 501 898 nulla
521 863 638 899 datur
657 862 798 899 dextra
816 862 1020 899 adfectare
1040 868 1216 911 potestas
1249 862 1327 902 670

149 929 224 952 nec
244 919 347 965 potis
367 916 498 952 Ionios
517 916 658 952 fluctus
677 929 846 965 aequare
865 916 1082 965 sequendo,

150 970 363 1006 clamorem
380 972 619 1006 immensum
639 969 758 1014 tollit,
778 982 855 1018 quo
874 975 1020 1018 pontus
1040 974 1082 1006 et
1101 983 1238 1007 omnes

150 1028 428 1060 contremuere
447 1023 592 1068 undae,
612 1026 850 1072 penitusque
870 1025 1060 1059 exterrita
1079 1023 1198 1059 tellus

151 1076 290 1112 Italiae
311 1079 517 1126 curvisque
536 1079 736 1125 immugiit
756 1076 887 1113 Aetna
906 1079 1092 1112 cavernis.

149 1135 192 1166 at
211 1143 338 1178 genus
358 1142 379 1166 e
399 1130 504 1166 silvis
525 1129 738 1178 Cyclopum
761 1134 802 1166 et
820 1130 1021 1166 montibus
1040 1129 1130 1166 altis
1252 1129 1326 1169 675

150 1186 325 1219 excitum
343 1186 422 1220 ruit
440 1183 489 1219 ad
511 1188 647 1232 portus
667 1188 709 1219 et
728 1183 843 1219 litora
863 1183 1077 1231 complent.

150 1239 347 1273 cernimus
365 1236 559 1272 adstantis
578 1239 819 1285 nequiquam
839 1236 988 1272 lumine
1007 1241 1119 1272 torvo

150 1291 353 1326 Aetnaeos
374 1290 529 1334 fratres,
550 1289 658 1326 caelo
679 1292 808 1338 capita
827 1290 908 1325 alta
927 1289 1107 1334 ferentis,

150 1343 362 1379 concilium
381 1343 622 1379 horrendum
641 1356 648 1378 :
677 1342 813 1392 quales
832 1356 922 1378 cum
943 1346 1091 1380 vertice
1112 1342 1217 1379 celso

149 1399 279 1433 aeriae
299 1409 466 1446 quercus
485 1401 555 1433 aut
573 1395 773 1432 coniferae
795 1398 980 1445 cyparissi
1251 1395 1328 1434 680

150 1452 431 1495 constiterunt,
452 1449 550 1485 silva
568 1449 649 1486 alta
672 1449 772 1485 Iovis
792 1449 953 1486 lucusve
974 1448 1139 1485 Dianae.

148 1506 386 1553 praecipites
404 1508 534 1539 metus
553 1516 643 1539 acer
662 1506 745 1550 agit
764 1515 1012 1552 quocumque
1032 1502 1213 1539 rudentis

150 1562 338 1593 excutere
359 1561 401 1592 et
421 1559 550 1592 ventis
570 1556 782 1592 intendere
803 1556 890 1592 vela
910 1555 1104 1592 secundis.

149 1615 286 1646 contra
298 1613 401 1646 iussa
415 1615 580 1646 monent
600 1609 748 1645 Heleni
765 1609 935 1658 Scyllam
951 1614 1071 1658 atque
1086 1609 1326 1659 Charybdim

148 1666 266 1708 inter,
286 1668 496 1712 utramque
518 1666 618 1698 viam
640 1663 711 1699 leti
731 1662 957 1699 discrimine
978 1675 1111 1711 parvo,
1222 1675 1326 1699 FMPR

190 1736 233 1755 ⁶⁵⁹
256 1747 396 1768 manuni
415 1734 477 1772 ΜΕ,
496 1737 705 1774 Quintilian:
723 1746 824 1767 manu
841 1734 905 1774 Ml,
925 1736 1065 1767 &rt-ins.

191 1778 234 1798 ⁸⁶¹
260 1781 301 1811 de
316 1781 404 1811 collo
422 1780 535 1811 fistula
552 1780 676 1817 pendet
692 1780 838 1820 complete
853 1780 902 1810 the
918 1790 1002 1810 verse
1017 1777 1189 1818 F²P7ab²c

188 1821 233 1840 ⁰⁶³
258 1823 362 1854 effuso
378 1821 452 1852 31¹:
476 1823 572 1853 effusi
589 1819 652 1852 ΜΩ.
826 1822 871 1840 ⁶⁶⁴
893 1823 1058 1861 gemitum
1074 1821 1131 1854 P2.

190 1865 233 1883 ses
256 1865 361 1896 fluctu
380 1862 514 1904 ΔἶΓ-Ῥγῑ,
533 1865 663 1895 Servius
680 1877 688 1895 .·
711 1864 834 1895 fluctui·
850 1864 887 1895 F.

191 1907 238 1926 ‘³⁶⁸
262 1909 342 1946 fuga
358 1906 414 1938 Pl.
606 1907 649 1925 ⁶⁶⁸
674 1908 839 1938 vertimus
858 1907 946 1938 MP:
971 1907 1133 1938 vei-rimus
1151 1908 1187 1940 F.

189 1950 233 1968 '⁵⁷⁰
256 1950 411 1980 dextram
429 1947 514 1987 FP2,
534 1950 674 1982 Servius.
823 1948 869 1968 ⁰⁷³
893 1951 1098 1981 intremuere
1114 1951 1179 1982 FP.

189 1991 234 2011 ⁰3²
259 1993 391 2023 ruentis
408 1991 461 2023 F1.

187 2035 233 2054 ⁶⁸⁴
255 2040 373 2067 monet·
389 2033 433 2065 Ρ1
450 2046 456 2066 :
474 2037 613 2066 movent
631 2033 706 2074 F71.
757 2035 868 2075 Scylla
884 2033 968 2067 FP1.
1018 2034 1209 2075 Charybdis
1227 2036 1259 2067 F.

148 2093 222 2131 392
