1430 2335
669 106 723 142 VI
732 106 860 142 RGlL

178 184 420 219 intemerata
439 181 550 227 fides,
571 195 652 227 oro,
672 185 860 218 miserere
881 182 1061 218 laborum

179 257 398 297 tantorum,
419 254 607 288 miserere
628 254 749 287 animi
769 265 850 288 non
869 251 990 300 digna
1011 249 1204 288 serentis.'
1286 254 1358 286 141·

224 326 249 341 “
267 322 341 358 His
366 321 538 358 lacrimis
561 325 684 358 vitam
707 322 846 358 damus
872 326 914 358 et
931 323 1220 358 miserescimus
1245 319 1356 356 ultro.

181 393 265 440 ipse
286 395 368 428 viro
388 395 536 441 primus
557 394 731 428 manicas
750 397 872 441 atque
892 396 979 428 arta
999 391 1123 428 levari

182 462 311 497 vincla
330 462 443 499 iubet
466 462 640 498 Priamus
661 462 858 511 dictisque
879 464 935 498 ita
954 461 1061 498 fatur
1080 463 1213 497 amicis
1230 473 1237 497 ε

234 535 259 552 “
272 535 283 552 ‘
297 531 486 581 Quisquis
501 546 556 577 es,
571 536 731 568 amissos
745 532 838 568 hinc
852 534 928 567 iam
942 531 1175 568 obliviscere
1200 530 1337 566 Graios
1352 543 1361 574 ;

181 607 318 638 noster
338 605 423 639 eris.
465 602 643 652 mihique
664 602 763 638 haec
784 602 957 638 edissere
978 614 1069 637 vera
1085 603 1264 650 roganti:
1289 604 1361 642 149

184 686 261 722 quo
280 673 424 709 molem
439 672 541 708 lianc
557 675 740 708 immanis
757 675 847 722 equi
864 677 1041 708 statuere
1056 672 1069 706 ?
1099 673 1184 720 quis
1199 671 1362 707 auctor?

183 742 328 792 quidve
342 744 514 792 petunt?
528 756 628 792 quae
641 743 781 791 religio
795 744 808 777 ?
823 738 891 779 auh
904 755 1005 792 quae
1020 740 1205 777 machina
1217 740 1311 777 belli
1325 741 1339 776 ἓ
1352 738 1360 752 ’

183 812 348 850 dixerat.
399 813 478 859 ille,
499 813 599 849 dolis
620 815 836 849 instructus
859 817 900 849 et
919 817 1005 848 arte
1028 811 1204 860 Pelasga,

184 883 344 919 sustulit
364 888 504 919 exutas
524 883 664 919 vinclis
684 882 733 919 ad
755 882 884 918 sidera
903 881 1075 931 palmas:

185 957 195 973 ‘
210 966 289 994 vos,
310 955 465 989 aeterni
486 956 616 1002 ignes,
635 958 677 989 et
697 965 776 988 non
798 952 984 988 violabile
1006 956 1181 988 vestrum

185 1030 310 1061 testor
330 1023 506 1068 1111111011,’
529 1025 598 1068 ait,
618 1026 628 1043 ‘
644 1035 711 1058 vos
731 1035 821 1059 arae
842 1035 1037 1071 ensesque
1058 1020 1236 1066 nefandi,
1292 1024 1363 1057 155

185 1108 282 1144 quos
302 1094 399 1142 fugi,
420 1096 624 1143 vittaeque
645 1093 780 1137 deum,
800 1105 895 1142 quas
915 1091 1044 1128 hostia
1063 1094 1165 1140 gessi
1182 1104 1190 1128 ε

186 1159 243 1195 fas
262 1158 358 1194 mihi
379 1158 589 1193 Graiorum
609 1162 760 1194 saerata
780 1156 975 1193 resolvere
996 1159 1092 1201 iura,

186 1223 243 1260 fas
264 1223 392 1259 odisse
414 1225 515 1259 viros
535 1227 654 1272 atque
676 1224 808 1258 omnia
828 1221 930 1258 ferre
952 1221 1023 1256 sub
1045 1233 1171 1265 auraS,
1290 1232 1366 1256 Mi‘v

187 1291 217 1325 si
238 1301 313 1337 qua
333 1291 502 1336 mgnum
532 1292 674 1322 teneor
693 1288 842 1335 patriae
864 1299 938 1321 nec
958 1284 1113 1334 legibus
1134 1284 1232 1320 ullis.

186 1358 230 1389 tu
252 1352 368 1389 modo
389 1354 590 1400 promissis
610 1364 769 1387 maneas
790 1355 1023 1398 servataque
1043 1362 1186 1391 serves,
1295 1347 1367 1385 160

187 1417 315 1461 Troia,
336 1416 468 1459 fidem,
490 1417 520 1451 si
541 1427 634 1452 vera
654 1414 791 1459 feram,
815 1417 845 1450 si
867 1427 1011 1462 magna
1031 1413 1260 1461 rependam.

240 1486 264 1502 “
279 1487 288 1501 ·'
304 1481 444 1517 Omnis
465 1492 554 1528 spes
577 1478 760 1514 Danaum
781 1483 822 1514 et
842 1480 975 1526 coepti
994 1476 1137 1513 fiducia
1159 1477 1252 1513 belli

190 1545 359 1581 Palladis
378 1544 532 1580 auxiliis
553 1555 710 1591 semper
730 1545 856 1578 stetit.
913 1544 1057 1590 impius
1078 1554 1126 1577 ex
1147 1555 1224 1590 quo

190 1609 364 1659 Tydides
384 1608 454 1645 sed
474 1610 581 1644 enim
603 1607 876 1655 scelerumque
895 1608 1082 1642 inventor
1105 1605 1253 1650 Ulixes,

191 1674 309 1711 fatale
329 1673 504 1722 adgressi
524 1677 675 1708 sacrato
694 1670 867 1707 avellere
889 1669 1041 1719 templo
1299 1668 1368 1706 165

192 1738 423 1782 Palladium,
443 1739 565 1773 caesis
584 1748 761 1772 summae
781 1734 1011 1771 custodibus
1030 1736 1141 1779 arcis,

191 1805 415 1850 corripuere
436 1813 586 1837 sacram
608 1800 779 1848 effigiem
799 1799 1059 1847 manibusque
1080 1800 1255 1835 cruentis

190 1869 388 1915 virgineas
407 1868 490 1901 ausi
510 1864 623 1901 divae
644 1867 880 1912 contingere
899 1866 1042 1901 vittas!

193 1944 240 1967 ex
260 1930 329 1966 illo
348 1929 470 1966 fluere
489 1942 534 1965 ac
554 1934 661 1965 retro
682 1927 865 1977 sublapsa
884 1926 1020 1963 referri

193 2007 281 2043 spes
298 1994 493 2039 Danaum,
512 1991 660 2030 fractae
680 1995 794 2038 vires,
813 2004 948 2028 aversa
966 1990 1065 2028 deae
1084 2003 1207 2027 mens.
1273 2003 1371 2027 FMPv

196 2063 272 2094 304
