1430 2335
661 77 855 114 VIRGIL

209 152 348 188 “Tum
369 164 460 189 vero
479 165 596 189 omne
617 152 715 189 mihi
736 155 862 195 visum
882 152 1087 190 considere
1107 154 1146 189 in
1167 154 1270 201 ignis

164 211 281 252 Ilium
301 221 342 252 et
362 229 411 254 ex
430 219 508 252 imo
528 219 630 267 verti
649 217 855 265 Neptunia
875 216 1013 261 Troia;
1046 214 1057 264 ’ἑ
1268 213 1344 251 625

162 293 206 316 ac
227 280 350 317 veluti
370 283 530 317 summis
550 283 755 330 antiquam
774 283 815 317 in
834 282 1035 318 montibus
1055 295 1194 318 ornum

164 359 253 381 cum
274 345 377 382 ferro
401 348 566 382 accisam
587 347 813 396 crebrisque
833 346 1072 395 bipennibus
1092 349 1243 382 instant

164 423 302 446 eruere
323 409 517 459 agricolae
537 412 743 454 certatim3
763 409 829 445 illa
853 423 976 459 usque
995 413 1168 446 minatur

166 480 206 510 et
227 474 466 511 tremefacta
486 487 639 511 comam
660 488 848 511 concusso
869 477 1016 511 vertice
1035 479 1167 519 nutat,

164 538 389 574 volneribus
409 537 535 575 donec
556 538 746 587 paulatim
766 540 894 575 evicta
915 551 1142 587 supremum
1272 535 1348 573 630

165 605 393 652 congemuit
413 605 613 651 traxitque
635 604 736 651 iugis
756 602 886 639 avolsa
906 605 1072 639 ruinam.

165 667 364 705 descendo
380 682 423 704 ac
444 669 616 705 ducente
638 668 712 704 deo
732 667 927 703 flammam
948 669 1053 703 inter
1073 672 1114 703 et
1133 666 1256 703 hostis

165 733 375 782 expedi0r3
405 733 503 769 daut
522 733 604 769 tela
621 732 751 769 locum
770 732 1027 781 flammaeque
1047 731 1278 768 recedunt.

219 804 238 817 ‘⁶
257 799 389 846 Atque
410 798 477 833 ubi
497 800 573 833 iam
594 799 745 846 patriae
766 801 1002 845 perventum
1022 795 1071 831 ad
1091 795 1227 831 limina
1246 795 1349 832 sedis

165 865 426 912 antiquasque
443 862 593 907 domos,
608 864 779 910 genitor,
795 874 912 910 quem
929 860 1069 897 tollere
1086 862 1126 896 in
1143 860 1244 896 altos
1273 859 1348 896 635

165 927 350 976 optabam
371 929 541 975 primum
561 928 706 962 montis
722 928 971 975 primumque
992 925 1190 974 petebam,

165 992 338 1040 abnegat
359 993 487 1027 excisa
507 993 627 1027 vitam
648 990 866 1039 producere
885 989 1000 1026 Troia

167 1056 428 1105 exsiliumque
449 1058 543 1104 pati.
600 1059 610 1075 ‘
627 1068 693 1091 vos
714 1068 748 1101 o,
769 1055 910 1104 quibus
930 1057 1090 1103 integer
1108 1056 1195 1090 aevi

166 1120 348 1169 sanguis,’
371 1122 438 1165 ait,
458 1124 468 1140 ‘
484 1119 711 1168 solidaeque
732 1132 801 1155 suo
821 1124 928 1155 stant
946 1119 1084 1155 robore
1104 1121 1220 1165 vires,

166 1198 232 1221 vos
252 1187 402 1234 agitate
422 1184 568 1233 fugam.
1273 1182 1349 1219 640

166 1263 229 1286 me
250 1252 280 1285 si
301 1248 510 1285 caelicolae
534 1248 750 1284 voluissent
770 1247 916 1284 ducere
937 1250 1070 1292 vitam,

166 1314 235 1350 has
255 1313 349 1349 mihi
371 1318 594 1350 servassent
615 1312 739 1349 Sedes.
795 1315 888 1349 satis
909 1325 986 1348 una
1005 1324 1201 1362 superque

166 1378 334 1415 vidimus
353 1378 507 1414 excidia
526 1382 568 1414 et
589 1382 727 1425 captae
748 1379 1017 1425 superavimus
1038 1377 1135 1413 urbi.

167 1446 220 1479 sic
239 1457 261 1479 0
282 1446 335 1479 sic
356 1445 527 1492 positum
547 1441 673 1478 adfati
692 1441 887 1478 discedite
909 1454 1059 1490 corpus.

166 1510 248 1556 ipse
269 1520 387 1543 manu
409 1511 578 1543 mortem
597 1508 817 1542 inveniam:
849 1505 1100 1542 miserebitur
1121 1504 1243 1542 hostis
1272 1504 1346 1543 645

166 1574 404 1621 exuviasque
427 1575 557 1620 petet.
606 1569 730 1607 facilis
749 1572 898 1606 iactura
917 1569 1125 1619 sepulchri.

165 1639 242 1672 ium
263 1636 415 1685 pridem
435 1637 581 1671 invisus
602 1634 701 1670 divis
722 1639 763 1670 et
782 1633 934 1670 inutilis
953 1646 1075 1670 annos

165 1701 360 1746 demoror,
380 1713 428 1737 ex
448 1713 525 1749 quo
545 1712 608 1735 me
629 1698 763 1734 divum
784 1703 898 1747 pater
916 1703 1035 1747 atque
1056 1697 1258 1735 hominum
1280 1712 1347 1736 rex

166 1765 342 1801 fulminis
361 1764 520 1800 adflavit
540 1765 668 1800 ventis
690 1768 731 1799 et
750 1765 920 1812 contigit
940 1762 1048 1812 ignis

208 1838 252 1857 ⁶³⁰
277 1840 366 1870 vieta
392 1839 425 1870 Γ.

209 1881 251 1901 ⁸³²
275 1883 337 1913 (leo
365 1881 476 1919 ,112Γῖ
497 1880 695 1918 Macrobius,
724 1881 882 1919 Donatus,
909 1879 1063 1911 Servius.-
1096 1879 1158 1911 dea
1176 1880 1344 1912 JllP21'1:

166 1925 208 1955 de
226 1924 280 1956 Pl.

208 1968 252 1986 ⁶4⁵
276 1971 384 1999 morte
399 1967 439 1998 P.

167 2020 243 2058 336
