1430 2335
683 98 874 134 VIRGIL

193 175 331 223 Cocyti
350 173 542 221 tardaque
563 173 673 222 palus
692 173 910 210 inamabilis
930 174 1037 209 unda

193 228 332 275 alligat
351 232 393 263 et
412 228 575 262 noviens
595 225 692 276 Styx
712 226 903 262 interfusa
922 231 1088 263 coercet.
1292 230 1368 263 480

194 284 289 330 quin
309 283 416 329 ipsae
437 285 625 328 stupuere
645 280 786 315 domus
806 284 924 328 atque
946 283 1083 316 intima
1104 278 1195 315 Leti

194 333 355 369 Tartara
375 332 654 381 caeruleosque
675 333 870 381 implexae
891 333 1061 369 crinibus
1082 335 1222 381 anguis

197 386 451 432 Eumenides,
472 389 682 435 tenuitque
702 386 858 422 inhians
877 389 952 422 tria
974 386 1164 422 Cerberus
1185 399 1261 433 ora,

195 446 315 489 atque
337 439 478 476 Ixionii
498 445 618 475 vento
638 444 722 475 rota
741 442 921 475 constitit
940 440 1054 475 orbis.

196 496 351 543 iamque
372 493 516 542 pedem
536 492 711 529 referens
731 505 840 528 casus
861 496 1040 529 evaserat
1059 494 1198 536 omnis,
1295 496 1369 528 485

196 547 434 595 redditaque
455 546 652 595 Eurydice
673 558 833 595 superas
853 547 1037 582 veniebat
1057 545 1105 581 ad
1126 559 1248 588 auras,

197 613 299 649 pone
319 613 487 649 sequens
510 602 696 648 (namque
716 599 818 635 hanc
839 598 1008 636 dederat
1030 599 1257 648 Proserpina

303 652 467 701 legem),

197 721 285 743 cum
307 708 432 742 subita
453 709 653 742 incautum
675 705 877 741 dementia
898 708 1005 754 cepit
1024 710 1236 749 amantem,

197 759 439 809 ignoscenda
460 760 634 809 quidem.
655 761 802 795 scirent
820 761 850 794 si
871 762 1074 808 ignoscere
1097 759 1258 794 Manes:

198 816 356 857 restitit,
378 813 681 862 Eurydicenque
702 825 809 848 suam
831 815 909 847 iam
928 812 1016 848 luce
1037 813 1108 848 sub
1127 815 1210 860 ipsa
1297 815 1374 853 490

198 870 404 903 immemor
423 867 500 903 heu
517 866 523 901 I
555 869 759 915 victusque
779 868 900 901 animi
920 868 1104 914 respexit.
1162 866 1213 900 ibi
1235 868 1362 901 omnis

199 921 341 957 effusus
361 920 469 956 labor
488 925 608 968 atque
629 922 793 955 immitis
812 923 927 967 rupta
947 921 1104 967 tyranni

198 974 371 1017 foedera,
393 979 533 1022 terque
554 972 685 1021 fragor
704 975 853 1022 stagnis
872 971 1030 1007 auditus
1052 972 1228 1008 Avernis.

198 1028 263 1063 illa
284 1032 294 1048 ί
308 1030 394 1076 quis
410 1032 451 1063 et
471 1040 533 1063 me
551 1025 557 1037 '
580 1028 709 1075 inquit
730 1029 935 1062 ‘miseram
957 1030 999 1061 et
1018 1030 1059 1062 te
1080 1025 1268 1074 perdidit,

304 1080 483 1129 Orpheu,

199 1137 284 1184 quis
304 1138 438 1170 tantus
458 1133 592 1169 furor?
622 1146 671 1169 en
693 1135 837 1169 iterum
858 1131 1034 1169 crudelia
1053 1137 1159 1168 retro
1298 1135 1373 1173 495

198 1189 280 1224 fata
299 1192 440 1223 vocant
462 1187 676 1236 conditque
698 1188 874 1222 natantia
894 1185 1041 1221 lumina
1062 1198 1232 1222 somnus.

198 1244 356 1290 iamque
377 1241 462 1277 vale
478 1255 484 1277 :
515 1239 619 1276 feror
638 1242 793 1288 ingenti
814 1238 1055 1275 circumdata
1074 1243 1191 1274 nocte

199 1295 468 1343 invalidasque
490 1294 561 1329 tibi
582 1293 767 1338 tendens,
789 1292 885 1328 heu!
919 1305 999 1328 non
1019 1297 1099 1336 tua,
1122 1291 1295 1340 palnias.'
1319 1304 1376 1328 MR

199 1348 300 1384 dixit
320 1353 361 1384 et
381 1360 429 1384 ex
449 1347 571 1383 oculis
591 1347 734 1391 subito,
753 1358 825 1382 ceu
846 1345 976 1381 fumus
995 1347 1033 1381 iu
1054 1358 1166 1381 auras

199 1404 436 1438 commixtus
456 1403 601 1445 tenuis,
621 1400 725 1449 fugit
745 1399 911 1444 diversa,
932 1412 1061 1448 neque
1082 1398 1193 1434 illum
1301 1402 1375 1434 500

199 1461 456 1503 prensantem
477 1457 717 1503 nequiquam
738 1454 894 1489 umbras
915 1457 957 1488 et
976 1452 1102 1488 multa
1122 1451 1324 1488 volentem

199 1510 332 1545 dicere
353 1513 560 1557 praeterea
580 1507 702 1550 vidit3
735 1519 810 1543 nec
829 1508 998 1554 portitor
1018 1506 1114 1541 Orci

198 1563 366 1611 amplius
385 1562 582 1598 obiectam
603 1573 739 1610 passus
758 1562 925 1596 transire
945 1558 1142 1608 paludem.

199 1616 292 1665 quid
314 1616 496 1652 faceret?
525 1627 603 1664 quo
623 1627 664 1651 se
685 1618 799 1662 rapta
817 1614 876 1649 bis
898 1615 1066 1661 coniuge
1089 1612 1242 1648 ferret?

199 1682 276 1718 quo
297 1669 390 1706 fletu
410 1670 548 1713 manis,
569 1680 670 1717 quae
690 1670 853 1703 numina
873 1679 967 1702 voce
988 1666 1196 1702 moveret?
1301 1668 1375 1701 505

199 1723 264 1758 illa
284 1723 445 1772 quidem
466 1721 604 1771 Stygia
624 1721 745 1756 nabat
764 1723 841 1756 iam
862 1719 1006 1768 frigida
1026 1720 1180 1755 cumba.

199 1782 352 1825 septem
375 1776 486 1812 illum
507 1780 611 1811 totos
632 1774 849 1823 perhibent
869 1785 917 1809 ex
938 1772 1076 1809 ordine
1096 1774 1243 1809 niensis

241 1867 284 1886 ⁴3²
300 1867 463 1899 caeruleis
478 1865 542 1897 ΑῚΙῙ.
585 1867 738 1905 impexae
755 1864 817 1899 M2,
836 1865 940 1895 Bcrne
958 1863 1086 1894 Scholia
1099 1875 1110 1894 .·
1128 1864 1271 1894 innexae
1289 1863 1353 1894 FR.

241 1910 283 1929 ⁴⁸⁸
301 1911 414 1941 subito
432 1910 469 1940 R.
807 1907 850 1926 4⁹³
867 1907 977 1943 star-*ni
996 1909 1047 1936 est,
1064 1907 1100 1938 R.
1142 1906 1266 1937 Averni
1287 1905 1351 1936 ΓΗ.

240 1953 283 1972 ⁵⁰⁰
300 1954 391 1994 fugit
408 1953 441 1983 in
462 1954 597 1983 diversa
616 1949 679 1982 JI2.
809 1949 854 1969 ⁵⁰⁴
871 1953 981 1988 erepta
1002 1949 1064 1981 1¹l2.

240 1996 283 2015 ⁵⁰⁵
300 1997 384 2037 quo]
402 2005 487 2033 quos
508 1996 543 2026 R.

198 2055 274 2087 ⁴230
