1430 2335
677 83 867 119 VIRGIL

187 164 438 211 praecipuum
458 163 534 196 iam
554 160 647 197 inde
667 173 690 196 a
708 162 856 197 teneris
875 159 1062 209 impende
1081 159 1266 196 laborem.

187 218 375 251 continuo
395 217 545 262 pecoris
565 215 747 262 generosi
766 213 897 262 pullus
917 216 957 249 in
978 216 1078 250 arvis
1311 213 1358 250 75

187 268 304 304 altius
323 267 546 316 ingreditur
566 272 607 303 et
626 266 759 302 mollia
778 279 889 303 crura
908 269 1088 315 reponit3

188 324 335 370 primus
355 325 396 357 et
415 323 471 357 ire
492 323 593 356 viam
613 325 655 356 et
673 319 808 356 fluvios
828 325 1025 368 temptare
1045 321 1207 356 minacis

187 375 309 411 audet
329 379 371 410 et
390 376 526 423 ignoto
542 386 627 410 sese
648 376 897 410 committere
917 376 1042 422 ponti,

188 441 262 465 nec
282 440 399 464 vanos
420 427 555 464 horret
573 429 773 475 strepitus.
829 426 887 462 illi
906 426 1026 462 ardua
1045 428 1174 462 cervix

188 487 450 531 argutumque
471 486 601 529 caput,
622 481 750 516 brevis
769 479 877 516 alvus
896 480 1093 529 obesaque
1112 484 1238 529 terga,
1308 479 1358 516 80

190 536 438 584 luxuriatque
459 537 553 570 toris
573 536 791 570 animosum
811 538 960 582 pectus.
1018 533 1176 569 honesti

189 588 366 637 spadices
386 588 607 637 glaucique,
627 587 732 623 color
751 586 988 623 deterrimus
1007 586 1105 622 albis

189 648 231 679 et
250 641 365 691 gilvo.
423 646 517 686 tum,
541 643 571 677 si
592 653 668 690 qua
688 653 827 676 sonum
846 639 981 689 procul
1001 653 1108 675 arma
1128 639 1290 685 dedere,

190 701 293 732 stare
313 695 399 731 loco
418 697 558 739 nescit,
577 697 697 730 micat
716 694 873 730 auribus
894 698 935 730 et
954 696 1091 730 tremit
1110 698 1229 738 artus,

190 749 479 797 collectumque
499 747 672 784 fremens
691 747 811 784 volvit
831 747 903 783 sub
922 747 1080 783 naribus
1099 748 1243 795 ignem.
1314 747 1362 783 85

189 803 312 839 densa
330 803 433 846 iuba,
454 806 495 838 et
514 801 656 838 dextro
675 803 819 837 iactata
838 800 1033 837 recumbit
1052 802 1092 835 in
1112 812 1219 835 armo
1234 811 1242 842 ;

189 861 230 892 at
250 855 397 904 duplex
418 858 549 903 agitur
568 867 639 904 per
657 853 810 891 lumbos
830 856 954 903 spina,
974 858 1165 902 cavatque

190 909 375 946 tellurem
396 914 436 945 et
456 908 580 945 solido
601 910 773 957 graviter
793 912 906 944 sonat
925 906 1073 956 ungula
1093 919 1224 943 cornu.

190 963 278 999 talis
299 962 503 1011 Amyclaei
524 961 696 997 domitus
719 960 885 997 Pollucis
905 960 1069 997 habenis

191 1016 367 1065 Cyllarus
387 1021 440 1061 et,
460 1028 626 1064 quorum
648 1015 741 1050 Grai
760 1016 977 1050 meminere
998 1018 1152 1062 poetae,
1317 1012 1364 1049 90

193 1070 331 1106 Martis
351 1072 442 1118 equi
462 1069 616 1117 biiuges
638 1073 679 1104 et
699 1070 832 1116 magni
854 1080 986 1104 currus
1008 1066 1179 1113 Achilli3

190 1123 280 1160 talis
301 1128 342 1159 et
361 1125 445 1171 ipse
465 1122 596 1158 iubam
617 1124 769 1158 cervice
790 1120 958 1157 effundit
978 1123 1122 1170 equina

191 1178 367 1225 coniugis
386 1175 561 1212 adventu
581 1177 720 1224 pernix
741 1174 946 1219 Saturnus,
967 1179 1007 1210 et
1027 1174 1151 1210 altum

193 1230 329 1266 Pelion
350 1229 508 1265 hinnitu
529 1228 686 1277 fugiens
706 1228 886 1277 implevit
906 1232 1034 1264 acuto.

247 1283 366 1319 Hunc
387 1295 555 1332 quoque,
570 1283 636 1318 ubi
652 1287 720 1317 aut
739 1282 874 1317 morbo
890 1283 1017 1330 gravis
1033 1284 1101 1316 aut
1113 1282 1188 1316 iam
1205 1281 1363 1329 segnior

297 1339 409 1372 annis
1317 1333 1365 1370 95

191 1390 336 1434 deficit,
356 1389 457 1425 abde
478 1389 607 1433 domo,
628 1401 702 1425 nec
722 1391 828 1437 turpi
849 1391 1009 1437 ignosce
1030 1391 1225 1424 senectae.

191 1443 357 1493 frigidus
378 1446 417 1478 in
440 1443 635 1479 Venerem
657 1444 798 1487 senior,
818 1441 1041 1490 frustraque
1061 1440 1235 1476 laborem

191 1500 390 1546 ingratum
411 1496 552 1540 trahit3
582 1501 637 1540 et,
653 1498 684 1531 si
704 1495 862 1544 quando
882 1494 931 1531 ad
951 1493 1100 1543 proelia
1115 1498 1277 1530 ventum
1294 1496 1365 1538 est,

191 1555 235 1587 ut
256 1549 454 1600 quondam
473 1551 513 1585 in
533 1548 687 1598 stipulis
707 1561 873 1597 magnus
894 1550 977 1584 sine
998 1548 1142 1583 viribus
1162 1548 1277 1595 ignis,

191 1606 384 1640 incassum
405 1603 510 1639 furit.
569 1615 664 1651 ergo
683 1604 833 1638 animos
853 1613 1073 1650 aevumque
1094 1600 1248 1636 notabis
1294 1600 1366 1636 100

191 1659 426 1706 praecipue3
454 1655 547 1691 hinc
567 1655 660 1691 alias
680 1658 774 1691 artis
794 1655 1025 1703 prolemque
1045 1658 1269 1702 parentum,

192 1716 233 1747 et
253 1713 338 1759 quis
358 1712 499 1758 cuique
520 1708 631 1745 dolor
651 1711 768 1754 victo,
788 1721 888 1758 quae
909 1708 1033 1756 gloria
1052 1706 1217 1756 palmae.

321 1810 347 1829 ⁷⁷
374 1811 537 1841 minantis
556 1811 592 1842 P.
853 1809 880 1828 ⁷8
905 1812 1011 1849 ponto
1028 1806 1093 1840 Ml.

319 1854 348 1873 ⁸5
371 1854 521 1893 primens
538 1854 587 1884 P:
612 1864 790 1894 prae-mens
810 1854 857 1883 Il:
882 1862 1038 1892 premens
1054 1864 1087 1890 γ.

321 1897 349 1915 ⁸⁸
373 1897 489 1937 quatit
505 1897 543 1926 R.
855 1895 882 1913 9⁰
905 1894 1033 1925 defecit
1049 1892 1112 1925 Ml.

321 1939 349 1957 9⁰
374 1940 407 1969 in
424 1940 555 1978 lackiny
572 1939 631 1971 ⁴111.
843 1937 888 1956 ¹⁰¹
911 1937 1022 1978 partis
1038 1937 1074 1969 P.

195 2032 266 2070 160
