1430 2335
661 54 852 92 VIRGIL

168 137 210 168 et
230 131 410 168 conferre
430 130 599 180 gradum
619 136 660 168 et
681 131 867 168 veniendi
888 132 1040 169 discere
1060 146 1203 171 causas.

166 191 208 221 at
228 186 411 221 Danaum
431 197 613 234 proceres
634 185 1054 235 Agamemnoniaeque
1074 187 1304 238 phalanges,

168 244 212 275 ut
231 238 365 275 videre
386 241 511 274 virum
531 238 807 288 fulgentiaque
826 253 934 275 arma
954 253 1024 289 per
1045 241 1212 287 umbras,
1268 246 1344 284 490

167 295 325 341 ingenti
345 292 544 341 trepidare
565 297 674 329 metu
692 307 699 329 :
729 306 817 341 pars
839 297 995 330 vertere
1014 298 1142 343 terga,
1243 308 1345 332 muru

168 359 239 383 ceu
260 346 461 395 quondam
480 349 634 395 petiere
655 351 781 390 rates;
811 359 898 395 pars
917 347 1059 384 tollere
1079 361 1216 384 vocem

168 402 366 449 exiguam,
387 402 570 448 inceptus
591 399 736 436 clamor
756 400 967 436 frustratur
986 400 1143 438 hiantis.

222 454 356 503 Atque
376 453 440 490 hic
462 453 686 490 Priamiden
705 453 898 490 laniatum
918 467 1080 503 corpore
1099 460 1187 492 toto

170 507 426 557 Deiphobum
446 507 561 553 vidit,
579 507 755 544 lacerum
775 507 993 545 crudeliter
1012 521 1091 555 ora,
1271 513 1344 552 495

168 575 234 598 ora
255 574 472 610 manusque
492 562 638 605 ambas,
659 561 927 611 populataque
947 567 1127 611 tempora
1147 566 1268 612 raptis

169 616 327 652 auribus
347 620 388 652 et
408 620 567 651 truncas
586 614 800 652 inhonesto
820 615 980 652 volnere
1001 619 1116 653 naris.

169 672 232 705 vix
252 669 353 706 adeo
372 668 565 717 adgnovit
585 672 833 718 pavitantem
853 683 897 705 ac
917 669 1001 705 dira
1021 675 1229 719 tegentem

170 723 373 772 supplicia.
395 727 436 759 et
455 725 559 759 notis
579 723 793 772 compellat
814 724 971 759 vocibus
991 723 1119 760 ultro:

169 781 194 798 “
211 776 421 825 Deiphobe
455 779 710 825 armipotens,
737 790 863 826 genus
895 777 977 813 alto
1009 791 1031 813 a
1060 781 1251 827 sanguine

274 829 432 878 Teucr³,
1276 836 1351 868 500

170 887 256 934 quis
276 890 357 920 tam
377 884 547 920 crudelis
566 886 718 933 optavit
738 897 892 920 sumere
913 887 1088 933 poenas?

171 941 233 974 cui
254 943 411 974 tantum
432 937 482 974 de
503 943 545 974 te
565 937 705 974 licuit?
760 937 856 973 mihi
877 938 980 974 fama
1000 951 1182 987 suprema

170 997 288 1029 nocte
308 991 401 1028 tulit
422 991 570 1028 fessum
590 996 698 1028 vasta
717 996 758 1027 te
779 991 900 1028 caede
923 992 1131 1041 Pelasgum

171 1046 424 1095 procubuisse
444 1058 564 1094 super
583 1044 769 1081 confusae
791 1048 934 1093 stragis
953 1059 1147 1082 acervum.

170 1105 268 1136 tunc
288 1104 449 1148 egomet
467 1098 663 1135 tumulum
687 1098 866 1136 Rhoeteo
886 1099 1001 1136 litore
1020 1102 1179 1135 inanem
1277 1104 1350 1137 505

172 1155 361 1190 constitui
382 1158 423 1190 et
443 1166 586 1201 magna
607 1152 737 1189 Manis
758 1158 820 1189 ἴθι·
840 1165 934 1190 voce
956 1156 1100 1189 voc-avi.

172 1220 317 1243 nomen
339 1212 381 1243 et
400 1220 506 1242 arma
525 1206 655 1242 locum
675 1211 855 1249 servant3
884 1211 938 1251 te,
957 1209 1095 1252 amice,
1115 1209 1275 1256 nequivi

172 1264 399 1310 conspicere
421 1265 463 1296 et
482 1262 607 1308 patria
627 1259 829 1297 decedens
850 1273 998 1308 ponere
1018 1260 1161 1297 terra.'’

171 1315 221 1351 ad
241 1327 341 1364 quae
365 1313 578 1350 Priamides
595 1327 602 1349 :
632 1318 655 1334 ‘³
669 1313 768 1349 nihil
788 1327 810 1349 o
830 1314 914 1359 tibi,
935 1316 1073 1359 amice,
1093 1314 1273 1351 relictum
1292 1327 1300 1358 3

172 1371 303 1405 omnia
327 1367 536 1416 Deiphobo
556 1366 705 1403 solvisti
726 1373 767 1404 et
786 1367 935 1403 funeris
956 1368 1114 1405 umbris.
1279 1372 1354 1404 510

172 1422 243 1460 sed
262 1435 325 1458 me
345 1421 426 1457 fata
446 1434 533 1457 mea
554 1426 595 1457 et
613 1421 740 1457 scelus
760 1421 920 1457 exitiale
942 1421 1145 1458 Lacaenae

174 1476 234 1513 his
254 1488 427 1512 mersere
447 1474 584 1518 malis;
613 1474 680 1510 illa
700 1474 798 1510 haee
819 1480 1079 1512 monumenta
1100 1475 1272 1525 reliquit.

173 1542 344 1578 namque
364 1533 408 1565 ut
428 1541 650 1577 supremam
670 1527 767 1564 falsa
787 1531 892 1564 inter
911 1528 1056 1577 gaudia
1074 1534 1235 1565 noctem

174 1586 382 1631 egerimus,
404 1584 509 1618 nosti
527 1594 535 1625 ;
565 1587 607 1618 et
625 1584 791 1618 nimium
811 1585 1038 1619 meminisse
1059 1595 1221 1619 necesse
1242 1587 1315 1619 est.

174 1650 263 1673 cum
284 1636 414 1673 fatalis
434 1648 558 1685 equus
578 1635 679 1671 saltu
700 1648 819 1684 super
838 1635 958 1672 ardua
979 1638 1091 1672 venit
1279 1640 1353 1673 515

221 1736 265 1754 ⁴55
313 1747 347 1766 os
363 1746 424 1765 “re
440 1736 479 1767 Ii'.

220 1779 266 1798 ⁴⁹5
289 1747 598 1813 1sitiitelffl,›Sim-rius
611 1792 620 1809 .-
639 1778 725 1809 vidit
746 1780 777 1809 et
795 1776 869 1809 All:
895 1779 987 1809 videt
1006 1777 1167 1809 F²M2PR
1180 1793 1188 1811 :
1214 1780 1306 1811 videt
1324 1782 1357 1810 et

176 1824 415 1896 H1⁴¹91g>2glgjlp
431 1878 439 1895 .·
460 1867 493 1894 et
512 1864 576 1894 PH.
868 1863 913 1882 ⁵⁰⁰
938 1875 955 1894 a
973 1865 1101 1895 omitted
1119 1864 1172 1897 ΡΙ.

222 1907 269 1927 ⁵⁰⁵
295 1909 326 1937 in
344 1908 444 1938 litore
462 1906 555 1937 ΔῚΙΡΕ.
575 1906 714 1937 Servius.

222 1950 267 1970 5⁰³
292 1954 412 1987 atquae
430 1948 517 1980 Jpp
531 1963 539 1981 :
565 1952 666 1986 atque
685 1950 737 1980 hic
756 1947 829 1979 „1122
857 1952 957 1987 atque
975 1951 1055 1981 haee
1073 1961 1097 1981 c.

180 2009 254 2040 540
