1430 2335
714 67 767 103 VI
777 67 907 104 RGIL

713 188 739 212 M
746 187 819 211 ENA
826 188 912 211 LCAS

216 245 312 281 Tale
333 250 445 281 tuum
466 257 624 281 carmen
647 245 772 288 nobis,
793 244 927 281 divine
947 250 1080 294 poeta,
1348 249 1396 281 45

216 298 332 347 quale
353 311 470 347 sopor
489 298 601 334 fessis
621 300 662 333 in
683 300 877 347 gramine,
898 298 1013 347 quale
1034 311 1106 346 per
1124 302 1279 335 aestum

216 352 341 387 dulcis
360 364 485 400 aquae
506 352 674 388 saliente
695 353 802 387 sitim
823 354 1073 400 restinguere
1093 354 1186 388 rivo.

217 417 291 441 nee
311 404 470 441 calamis
490 405 616 441 solum
636 407 882 454 aequiperas,
901 405 972 441 sed
992 417 1087 441 voce
1107 408 1351 454 magistrum.

217 458 419 495 fortunate
440 471 550 507 puer,
570 463 614 494 tu
634 471 740 494 nunc
760 460 836 495 eris
854 458 957 494 alter
975 458 1025 494 ab
1045 458 1125 496 illo.

217 525 287 548 nos
306 516 441 548 tamen
460 512 558 548 haec
578 524 827 561 quocumque
848 511 966 548 modo
987 512 1059 548 tibi
1079 516 1213 548 nostra
1229 514 1398 548 vicissim

217 564 407 610 dicemus,
430 565 712 614 Daphnimque
735 570 847 601 tuum
867 565 1055 601 tollemus
1076 565 1126 601 ad
1146 571 1274 609 astra;
1350 569 1392 601 51

220 618 424 668 Daphnim
466 619 515 655 ad
553 624 657 656 astra
697 618 871 656 feremus
889 632 897 656 :
937 621 1084 655 amavit
1121 632 1193 656 nos
1239 631 1398 669 quoque

326 671 521 721 Daphnis.

737 780 881 805 MOPSUS

218 839 282 875 An
303 842 513 888 quicquam
533 839 646 875 nobis
666 838 736 875 tali
758 841 808 875 sit
828 850 993 875 munere
1013 839 1169 875 maius?

218 897 259 929 et
279 906 377 942 puer
396 896 478 941 ipse
499 892 575 928 fuit
596 894 746 928 cantari
766 892 924 941 dignus,
945 896 987 928 et
1006 894 1083 928 ista

217 949 295 982 iam
313 946 469 995 pridem
489 945 711 983 Stimichon
730 945 906 982 laudavit
925 948 1097 982 carmina
1116 946 1238 983 nobis.
1351 950 1399 982 55

708 1094 734 1118 M
742 1093 907 1117 ENALCAS

219 1157 241 1174 “
255 1151 455 1189 Candidus
475 1154 677 1189 insuetum
696 1154 862 1187 miratur
880 1151 1003 1188 limen
1026 1151 1188 1202 Olympi

217 1208 289 1243 sub
309 1206 556 1255 pedibusque
578 1206 687 1242 videt
708 1206 833 1241 nubes
854 1210 895 1241 et
915 1205 1044 1242 sidera
1067 1206 1258 1255 Daphnis,

218 1273 313 1309 ergo
333 1259 471 1296 alacris
492 1259 606 1296 silvas
627 1264 669 1296 et
689 1264 823 1295 cetera
845 1271 933 1294 rura
954 1259 1136 1308 voluptas

220 1314 403 1363 Panaque
423 1318 680 1362 pastoresque
700 1317 816 1349 tenet
838 1311 1096 1362 Dryadasque
1117 1313 1281 1362 puellas.

217 1381 291 1404 nec
312 1368 428 1416 lupus
448 1367 609 1403 insidias
630 1369 762 1416 pecori
782 1379 857 1402 nec
878 1368 977 1401 retia
998 1370 1122 1403 cervis
1348 1365 1398 1403 60

218 1421 296 1457 ulla
316 1420 451 1457 dolum
470 1421 719 1456 meditantur
737 1432 745 1462 ;
774 1423 882 1455 amat
903 1420 1029 1456 bonus
1048 1423 1128 1457 otia
1153 1420 1342 1470 Daphnis.

217 1477 291 1523 ipsi
313 1475 465 1511 laetitia
486 1487 602 1510 voces
622 1473 671 1510 ad
693 1472 822 1510 sidera
842 1475 993 1509 iactant

217 1531 364 1564 intonsi
384 1533 540 1564 montes
557 1540 565 1571 ;
599 1530 706 1576 ipsae
727 1529 804 1562 iam
824 1529 999 1563 carmina
1018 1540 1149 1576 rupes,

216 1585 300 1630 ipsa
320 1586 462 1618 sonant
480 1582 641 1617 arbusta
659 1594 666 1618 ε
696 1586 705 1601 ‘
719 1580 830 1624 deus,
850 1579 949 1616 deus
970 1580 1051 1626 ille,
1072 1580 1255 1617 Menalca
1276 1581 1308 1617 ἔ·

218 1639 267 1671 sis
288 1636 412 1671 bonus
432 1648 454 1671 o
475 1634 649 1684 felixque
671 1636 748 1670 tuis
766 1634 773 1669 Ι
805 1645 855 1670 en
876 1639 1065 1682 quattuor
1084 1647 1168 1670 aras
1187 1649 1194 1671 :
1347 1633 1396 1671 65

218 1702 309 1725 ecce
331 1689 426 1724 duas
446 1689 532 1734 tibi,
554 1688 729 1737 Daphni,
749 1686 846 1723 duas
865 1687 1004 1723 altaria
1027 1687 1197 1726 Phoebo.

218 1742 357 1792 pocula
378 1743 469 1778 bina
492 1755 593 1778 novo
613 1743 838 1790 spumantia
857 1741 961 1777 lacte
982 1745 1194 1790 quotannis

217 1801 468 1845 craterasque
488 1796 567 1832 duo
587 1800 758 1832 statuam
779 1795 852 1831 tibi
875 1797 1032 1843 pinguis
1053 1794 1157 1840 olivi,

389 1897 417 1915 ⁴⁶
443 1898 538 1929 lassis
555 1898 593 1929 R.
822 1894 849 1913 ⁴⁹
876 1898 918 1927 ab
937 1897 1010 1935 illo]
1028 1897 1150 1935 Apollo
1170 1897 1206 1928 R.

386 1939 415 1959 ⁵²
445 1941 602 1980 Daphnin
621 1941 657 1970 R.
821 1937 849 1957 ⁵²
882 1940 1040 1979 Daphnin
1060 1940 1097 1970 R.

218 2011 265 2044 38
