1430 2335
719 93 911 131 VIRGIL

276 173 309 207 N
316 185 360 208 ec
380 174 508 208 minus
530 184 578 208 ex
598 172 713 208 imbri
733 172 834 208 soles
855 178 897 209 et
916 178 1053 222 aperta
1072 186 1211 210 serena

224 233 446 279 prospicere
468 235 510 267 et
529 232 648 267 certis
667 234 816 279 poteris
835 244 1072 280 cognoscere
1093 235 1240 281 signis:

223 302 313 325 nam
333 302 464 339 neque
485 295 570 325 tum
592 289 718 326 stellis
737 292 841 327 acies
861 292 1029 327 obtunsa
1047 291 1206 329 videtur
1325 295 1399 332 395

222 360 296 384 nec
316 347 446 385 fratris
466 348 584 384 radiis
605 348 774 384 obnoxia
793 362 954 398 surgere
976 350 1101 396 Luna,

221 410 357 443 tenuia
377 421 451 444 nec
472 408 584 444 lanae
605 421 676 456 per
696 408 848 444 caelum
868 409 1014 446 vellera
1034 409 1151 454 ferri;

221 479 302 502 non
322 466 502 516 tepidum
523 467 573 503 ad
593 467 716 503 solem
737 470 878 516 pinnas
897 471 939 504 in
958 468 1074 505 litore
1096 468 1277 518 pandunt

221 525 391 562 dilectae
411 525 574 562 Thetidi
593 526 790 576 alcyones,
811 540 891 563 non
911 540 977 564 ore
997 528 1146 564 solutos

221 585 414 622 immundi
434 588 651 622 meminere
672 598 761 622 sues
781 589 926 623 iactare
946 587 1150 636 maniplos.
1324 589 1401 627 400

220 649 261 680 at
281 644 450 680 nebulae
470 647 595 693 magis
615 647 693 680 ima
713 650 860 693 petunt
881 659 1096 695 campoque
1117 648 1369 694 recumbunt,

220 703 311 740 solis
331 709 374 741 et
392 716 572 740 occasum
593 717 751 740 servans
772 704 822 740 de
844 705 1016 741 culmine
1037 718 1189 742 summo

219 765 460 812 nequiquam
481 776 585 799 seros
607 769 768 800 exercet
788 769 933 800 noctua
953 770 1103 803 cantus.

220 828 385 871 apparet
404 822 554 872 liquido
574 822 751 859 sublimis
772 826 812 858 in
832 828 922 860 aere
944 824 1060 860 Nisus

221 887 262 918 et
282 895 351 930 pro
371 895 569 931 purpureo
589 895 736 931 poenas
757 882 826 919 dat
846 882 978 932 Scylla
998 883 1138 932 capillo
1155 897 1161 920 :
1323 883 1397 922 405

221 954 468 991 quacumque
489 941 556 977 illa
575 941 704 978 levem
725 941 882 990 fugiens
903 947 1010 979 secat
1029 942 1191 979 aethera
1212 944 1355 991 pinnis,

222 1008 314 1031 ecce
334 998 529 1039 inimicus,
550 1000 675 1040 atrox,
698 1008 840 1044 magno
862 996 1029 1032 stridore
1050 1009 1120 1044 per
1141 1008 1252 1032 auras

221 1051 442 1097 insequitur
463 1048 606 1092 Nisus;
634 1062 711 1098 qua
731 1061 772 1085 se
794 1049 872 1085 fert
892 1049 1010 1086 Nisus
1029 1049 1079 1086 ad
1099 1062 1221 1094 auras,

222 1107 287 1142 illa
308 1107 435 1143 levem
456 1107 614 1156 fugiens
634 1110 778 1156 raptim
799 1113 907 1144 secat
926 1108 1089 1144 aethera
1109 1111 1250 1157 pinnis.

221 1165 306 1196 tum
327 1160 496 1209 liquidas
518 1163 621 1197 corvi
642 1174 777 1209 presso
798 1166 860 1197 ter
877 1167 1041 1210 gutture
1062 1175 1177 1198 voces
1320 1162 1397 1200 410

220 1219 288 1250 aut.
309 1219 449 1263 quater
468 1217 732 1262 ingeminant,
753 1219 794 1250 et
814 1227 931 1263 saepe
952 1215 1145 1251 cubilibus
1165 1214 1254 1251 altis

221 1270 354 1303 nescio
374 1280 450 1316 qua
469 1273 628 1316 praeter
647 1267 806 1304 solitum
827 1267 1038 1304 dulcedine
1058 1268 1152 1304 laeti

220 1323 325 1357 inter
346 1333 386 1357 se
406 1323 447 1356 in
468 1320 570 1356 foliis
591 1323 828 1370 strepitant;
858 1324 965 1358 iuvat
984 1322 1173 1357 imbribus
1193 1323 1290 1358 actis

219 1377 451 1422 progeniem
472 1387 629 1423 parvam
651 1374 855 1424 dulcisque
874 1377 1044 1411 revisere
1064 1375 1201 1419 nidos;

220 1427 325 1463 haud
346 1427 531 1476 equidem
553 1427 683 1472 credo,
704 1430 794 1476 quia
814 1430 864 1464 sit
884 1428 1072 1465 divinitus
1092 1428 1168 1464 illis
1320 1427 1395 1466 415

221 1483 425 1529 ingenium
445 1486 514 1517 aut
535 1494 665 1517 rerum
688 1480 784 1517 Fato
805 1481 1016 1529 prudentia
1035 1484 1178 1525 maior3

222 1547 356 1570 verum
378 1535 444 1570 ubi
464 1538 682 1582 tempestas
703 1539 744 1570 et
764 1534 862 1571 caeli
881 1535 1034 1571 mobilis
1056 1548 1166 1571 umor

218 1592 421 1623 mutavere
442 1590 522 1623 vias
542 1592 584 1623 et
606 1587 785 1636 Iuppiter
804 1588 943 1624 uvidus
964 1589 1118 1625 Austris

219 1640 362 1677 denset
383 1646 496 1677 erant
516 1653 615 1690 quae
636 1654 721 1676 rara
739 1641 870 1686 modo,
891 1646 932 1678 et
952 1654 1052 1690 quae
1071 1641 1193 1679 densa
1214 1641 1378 1686 relaxat,

219 1699 431 1730 vertuntur
451 1696 602 1742 species
621 1696 854 1739 animorum,
875 1699 917 1731 et
935 1699 1095 1743 pectora
1114 1700 1244 1732 motus
1316 1694 1394 1731 420

218 1759 323 1782 nunc
344 1746 452 1791 alios,
473 1746 568 1783 alios
588 1747 683 1783 dum
703 1747 838 1783 nubila
857 1753 998 1784 ventus
1019 1749 1174 1797 agebat,

219 1802 469 1848 concipiunt:
500 1800 592 1836 hinc
612 1800 679 1837 ille
699 1803 828 1836 avium
849 1807 1063 1838 concentus
1082 1803 1123 1837 in
1141 1804 1243 1851 agris

219 1857 261 1890 et
281 1852 408 1889 laetae
429 1853 601 1901 pecudes
623 1859 664 1890 et
684 1859 846 1891 ovantes
865 1860 1028 1903 gutture
1048 1856 1161 1891 corvi.

390 1929 434 1948 ⁴⁰4
456 1930 595 1960 aethere
613 1930 651 1962 R.
960 1930 1004 1950 ⁴¹³
1027 1931 1163 1962 umidus
1179 1931 1218 1963 R.

389 1971 432 1991 ⁴¹⁹
456 1972 576 2004 densat
590 1972 655 2006 312.
961 1973 1004 1994 422
1028 1974 1082 2006 hic
1098 1973 1165 2006 Ml.

220 2031 291 2069 108
