1430 2335
687 90 881 128 VIRGIL

192 167 358 214 triginta
378 177 542 214 magnos
560 165 766 202 volvendis
784 166 984 203 mensibus
1003 165 1107 202 orbis
1311 175 1368 199 MR

192 220 357 267 imperio
377 219 566 268 explebit,
586 232 832 269 regnumque
852 220 900 255 ab
919 219 1013 255 sede
1034 218 1174 254 Lavini
1293 219 1368 254 270

193 271 419 316 transferet,
440 277 482 309 et
500 273 660 321 longam
678 272 804 309 multa
822 274 859 308 vi
879 275 1034 308 muniet
1053 272 1208 308 Albam.

194 323 257 360 hic
278 327 355 361 iam
376 330 437 361 ter
456 330 618 362 centum
638 331 742 362 totos
761 326 992 374 regnabitur
1010 338 1131 362 annos

193 382 317 426 gente
336 379 408 415 sub
429 379 642 425 Hectorea,
663 379 789 415 donec
811 381 948 428 regina
967 378 1148 415 sacerdos

196 431 326 468 Marte
346 435 473 482 gravis
493 435 694 482 geminam
714 437 828 482 partu
849 433 961 468 dabit
981 433 1052 469 Ilia
1071 433 1235 481 prolem.

194 484 287 521 inde
308 485 424 535 lupae
444 485 552 522 fulvo
573 489 736 522 nutricis
755 488 934 534 tegmine
953 486 1081 522 laetus
1292 487 1366 523 275

197 537 386 575 Romulus
407 542 579 589 excipiet
598 545 762 588 gentem
784 544 825 576 et
846 539 1042 575 Mavortia
1060 539 1207 576 condet

195 595 350 628 moenia
370 592 643 642 Romanosque
663 606 732 629 suo
753 593 803 629 de
823 595 984 629 nomine
1005 592 1125 629 dicet.
1289 604 1370 628 MPR

195 645 255 682 his
275 658 350 695 ego
370 658 444 682 nec
464 651 590 682 metas
610 659 740 682 rerum
761 659 833 682 nec
852 651 1035 695 tempora
1054 657 1183 694 pono;

194 701 406 748 imperium
426 702 511 736 sine
531 700 609 736 fine
630 700 735 737 dedi.
794 703 889 749 quin
909 711 1047 749 aspera
1068 698 1181 744 Iuno,

195 765 295 802 quae
315 765 424 788 mare
443 766 548 788 nunc
569 759 771 803 terrasque
790 758 902 789 metu
922 752 1156 802 caelumque
1177 753 1331 801 fatigat,

195 806 356 842 consilia
376 808 416 842 in
435 806 577 843 melius
597 806 758 852 referet,
777 818 1013 855 mecumque
1034 805 1183 842 fovebit
1292 809 1363 842 281

198 858 406 905 Romanos,
424 872 555 896 rerum
575 860 769 903 dominos,
790 865 1034 909 gentemque
1054 863 1243 908 togatam.

196 915 251 949 sic
270 913 471 962 placitum.
530 917 665 950 veniet
682 913 815 950 lustris
833 913 1058 950 labentibus
1077 917 1199 957 aetas,

195 979 286 1002 cum
307 966 445 1003 domus
466 967 646 1003 Assaraci
669 966 852 1003 Phthiam
872 967 1070 1016 clarasque
1093 966 1280 1014 Mycenas

196 1022 357 1056 servitio
376 1025 532 1069 premet
550 1034 595 1057 ac
615 1023 729 1057 victis
749 1020 1016 1056 dominabitur
1034 1019 1163 1068 Argis.
1293 1023 1367 1055 285

195 1079 381 1110 nascetur
398 1073 563 1123 pulchra
582 1074 772 1110 Troianus
791 1077 943 1123 origine
964 1073 1118 1117 Caesar,

196 1129 406 1175 imperium
428 1128 602 1173 Oceano,
621 1127 766 1163 famam
785 1131 852 1177 qui
872 1130 1063 1164 terminet
1086 1129 1212 1172 astris,

198 1180 334 1226 Iulius,
354 1195 375 1216 a
394 1194 540 1230 magno
558 1181 772 1218 demissum
791 1194 936 1217 nomen
958 1181 1055 1217 Iulo.

196 1234 366 1278 hunotu
386 1234 479 1271 olim
499 1234 620 1280 caelo,
641 1234 774 1283 spoliis
795 1235 973 1271 Orientis
996 1239 1194 1279 onustum,

195 1291 365 1336 accipies
387 1301 522 1325 secura
540 1301 548 1332 3
578 1289 781 1324 vocabitur
799 1288 863 1325 hic
883 1301 1039 1337 quoque
1061 1290 1171 1324 votis.
1295 1290 1371 1328 290

194 1355 334 1391 aspera
354 1347 439 1378 tum
458 1344 595 1391 positis
614 1345 829 1378 mitescent
847 1342 1002 1378 saecula
1021 1341 1135 1377 bellis
1151 1354 1159 1384 ;

196 1409 292 1431 cana
315 1395 432 1432 Fides
455 1401 496 1432 et
516 1396 651 1439 Vesta,
674 1396 796 1432 Remo
817 1409 905 1432 cum
924 1395 1046 1431 fratre
1067 1394 1254 1440 Quirinus

194 1452 279 1485 iura
299 1449 476 1493 dabunt3
507 1449 616 1486 dirae
636 1449 740 1485 ferro
761 1454 802 1486 et
821 1449 1076 1498 compagibus
1094 1451 1188 1484 artis

195 1503 433 1539 claudentur
454 1502 554 1539 Belli
574 1507 712 1551 portae
729 1514 737 1545 3
768 1502 891 1538 Furor
910 1505 1053 1551 impius
1074 1504 1180 1538 intus

194 1569 309 1592 saeva
329 1556 472 1593 sedens
491 1569 609 1605 super
627 1569 734 1592 arma
754 1560 796 1592 et
814 1561 976 1592 centum
991 1558 1143 1592 vinctus
1159 1558 1267 1591 aenis
1297 1560 1371 1597 295

195 1615 284 1659 post
305 1615 464 1659 tergum
485 1610 598 1646 nodis
618 1609 764 1646 fremet
783 1609 964 1646 horridus
983 1621 1050 1646 ore
1071 1608 1275 1645 cruento.'’

493 1699 540 1718 ²⁷²
565 1701 642 1732 hinc
659 1701 726 1731 also
742 1700 853 1730 known
871 1705 900 1731 ιο
916 1700 1059 1731 Servius.

495 1742 541 1762 ²⁸⁹
568 1745 749 1775 honestum
765 1743 879 1774 known
895 1748 925 1773 to
941 1743 1084 1774 Servius.

282 1844 292 1862 1
322 1846 408 1875 Mau-s
424 1855 491 1875 was
507 1845 564 1875 the
581 1845 692 1875 father
709 1844 744 1875 of
761 1843 925 1875 Romulus
941 1843 1008 1875 and
1023 1844 1158 1874 Remus.

281 1887 292 1905 ²
319 1889 367 1918 isse.
385 1888 442 1919 the
459 1887 584 1925 Trojan
602 1897 687 1922 race,
706 1887 742 1918 in
760 1887 849 1917 their
868 1886 1001 1918 Roman
1019 1886 1254 1918 descendants.

280 1930 292 1948 ³
318 1932 443 1961 Greece
459 1930 596 1962 became
612 1940 631 1960 a
647 1930 779 1961 Roman
792 1929 951 1968 province
967 1930 1002 1960 in
1022 1930 1081 1960 146
1097 1936 1167 1960 B.C.

280 1972 292 1991 ⁴
318 1974 398 2005 This
415 1973 445 2004 is
461 1974 636 2012 Augustus
655 1973 784 2011 Caesar,
799 1982 834 2003 as
850 1973 968 2003 shown
985 1972 1029 2013 by
1045 1972 1079 2004 11.
1096 1973 1157 2003 289
1173 1972 1240 2003 and
1257 1973 1327 2003 294.

194 2027 269 2065 5260
