1430 2335
729 90 917 128 VIRGIL

226 166 398 203 effodere
417 165 507 202 loco
527 168 697 215 signum,
718 167 822 216 quod
842 170 952 216 regia
973 167 1072 204 Iuno

225 240 477 282 monstrarat,
498 241 617 285 caput
636 239 736 273 acris
756 239 848 287 equi
864 251 874 284 3
902 239 956 273 sic
976 251 1068 273 nam
1089 236 1172 274 fore
1193 237 1298 274 bello

226 309 429 355 egregiam
450 310 492 343 et
506 306 664 343 facilem
685 309 792 343 victu
812 319 884 356 per
903 307 1058 344 saecula
1078 312 1257 356 gentem.
1329 312 1403 344 445

226 375 289 412 hic
309 376 505 425 templum
528 376 670 413 Iunoni
690 379 833 426 ingens
853 376 1014 414 Sidonia
1036 377 1142 413 Dido

224 445 436 491 condebat,
456 446 571 486 donis
590 446 827 495 opulentum
849 451 891 483 et
909 449 1071 483 numine
1092 446 1219 492 divae,

224 528 339 552 aerea
359 518 421 552 cui
441 515 628 565 gradibus
649 517 869 565 surgebant
890 516 1025 552 limina
1045 528 1252 566 nexaeque

223 598 315 623 aere
333 586 480 631 trabes,
500 585 648 622 foribus
669 585 786 622 cardo
806 586 1001 622 stridebat
1019 588 1139 622 aenis.

223 655 298 692 hoc
318 658 488 704 primum
509 658 549 691 in
570 655 659 691 luco
680 668 779 691 nova
798 668 861 692 res
881 655 1016 692 oblata
1036 658 1217 692 timorem
1327 660 1403 692 450

223 726 352 771 leniit,
372 725 436 762 hic
458 728 628 774 primum
650 726 807 762 Aeneas
828 739 985 775 sperare
1007 725 1176 762 salutem

223 786 339 832 ausus
360 801 402 832 et
422 795 590 832 adflictis
609 796 751 833 melius
772 795 971 832 confidere
991 796 1119 832 rebus.

223 879 393 916 namque
414 866 485 902 sub
504 869 663 915 ingenti
682 866 825 903 lustrat
844 866 939 902 dum
959 866 1114 914 singula
1134 866 1298 915 templo,

223 939 402 985 reginam
421 939 647 985 opperiens,
668 936 775 981 dum,
798 949 898 986 quae
919 935 1079 972 fortuna
1099 938 1150 972 sit
1173 936 1271 978 urbi,

223 1006 499 1056 artificumque
519 1019 658 1043 manus
677 1009 782 1043 inter
801 1020 842 1043 se
859 1019 1103 1055 operumque
1123 1005 1296 1042 laborem
1328 1009 1402 1041 455

223 1079 401 1122 miratur,
420 1076 531 1113 videt
553 1076 692 1113 Iliacas
712 1089 761 1113 ex
781 1076 920 1113 ordine
941 1089 1094 1125 pugnas

222 1146 407 1196 bellaque
427 1148 505 1182 iam
525 1146 629 1182 fama
649 1151 779 1183 totum
801 1146 958 1194 volgata
978 1159 1049 1195 per
1068 1146 1218 1191 orbem,

223 1216 388 1252 Atridas
411 1216 691 1265 Priamumque
712 1221 753 1252 et
773 1229 935 1252 saevum
954 1216 1143 1252 ambobus
1165 1215 1377 1254 Achillem.

223 1289 409 1323 constitit
447 1291 488 1322 et
526 1286 748 1332 lacrimans,
786 1290 811 1306 “
824 1288 910 1335 quis
947 1288 1024 1322 iam
1062 1285 1211 1331 locus,'’
1248 1288 1392 1335 inquit,

328 1361 351 1377 ‘⁶
368 1355 535 1401 Achate,

223 1440 324 1476 quae
345 1429 454 1475 regio
475 1429 515 1462 in
535 1428 651 1462 terris
671 1428 797 1462 nostri
817 1439 896 1462 non
918 1425 1036 1475 plena
1056 1425 1227 1462 laboris?
1327 1423 1403 1462 460

224 1509 274 1532 en
297 1496 495 1532 Priamus!
552 1501 646 1532 suut
667 1495 730 1532 hic
751 1499 874 1532 etiam
893 1509 962 1532 sua
983 1498 1157 1545 praemia
1177 1495 1297 1540 laudi,

224 1571 317 1602 sunt
336 1566 520 1602 lacrimae
541 1579 672 1602 rerum
693 1571 735 1602 et
754 1571 932 1602 mentem
951 1565 1135 1602 mortalia
1154 1570 1338 1614 tangunt.

225 1636 330 1673 solve
352 1641 503 1680 metus;
536 1635 640 1672 feret
659 1635 757 1672 haec
777 1636 949 1685 aliquam
969 1636 1042 1672 tibi
1060 1635 1162 1671 fama
1182 1634 1388 1672 salutem.'’

225 1709 280 1743 sic
300 1709 368 1752 ait,
388 1711 509 1756 atque
529 1709 704 1742 animum
725 1708 877 1755 pictura
898 1708 1024 1755 pascit
1043 1708 1150 1741 inani

225 1776 351 1812 multa
371 1789 552 1825 gemens,
568 1776 757 1825 largoque
777 1781 956 1813 umectat
971 1776 1132 1813 flumine
1143 1775 1304 1813 voltum.
1329 1775 1403 1813 465

226 1859 398 1895 namque
418 1846 593 1891 videbat,
615 1849 673 1882 uti
695 1846 895 1882 bellantes
917 1846 1107 1895 Pergama
1126 1848 1271 1882 circum

225 1917 299 1953 hac
318 1916 508 1966 fugerent
529 1917 637 1962 Grai,
656 1922 858 1966 premeret
877 1916 1044 1953 Troiana
1063 1919 1261 1961 iuventus,

300 1984 345 2004 4³⁸
370 1986 469 2016 nixae
486 1985 528 2022 bl,
547 1986 681 2023 Probus,
700 1985 814 2017 known
830 1991 859 2018 to
875 1985 1024 2017 Servius:
1047 1996 1126 2023 -que
1141 1985 1270 2016 omitted
1286 1998 1318 2026 γ.

229 2040 303 2076 :372
