1430 2335
677 96 870 139 VIRGIL

179 178 372 213 inruimus
390 175 524 213 densis
544 180 587 213 et
602 176 959 227 circumvissundimur
975 180 1107 222 armis,

179 232 417 279 ignarosque
434 229 510 266 loci
531 232 676 279 passim
694 235 736 267 et
754 230 966 267 formidine
986 237 1124 280 captos

179 286 405 320 sternimus.
460 283 636 332 adspirat
655 287 781 332 primo
803 284 978 320 Fortuna
995 284 1131 321 labori.
1281 288 1356 321 385

178 342 299 386 atque
318 337 383 373 hic
402 349 582 374 successu
604 337 806 374 exsultans
824 340 1044 388 animisque
1064 338 1276 384 Coroebus,

179 394 190 411 ‘
204 404 227 426 o
248 393 356 436 socii,
375 403 452 440 qua
471 393 598 440 prima
610 390 618 401 '
640 392 772 440 inquit
791 395 801 411 ‘
817 391 976 428 fortuna
995 391 1132 429 salutis

178 449 376 481 monstrat
392 446 482 488 iter,
503 457 659 494 quaque
679 444 856 480 ostendit
876 458 918 481 se
938 445 1092 491 dextra,
1111 458 1320 494 sequamur
1338 457 1347 482 :

177 503 380 535 mutemus
397 498 546 547 clipeos
563 498 826 547 Danaumque
845 500 1016 545 insignia
1032 499 1147 535 nobis

178 557 372 600 aptemus.
421 551 536 588 dolus
550 565 600 587 an
613 553 749 596 virtus,
765 554 851 601 quis
866 554 907 588 in
922 552 1037 589 hoste
1048 553 1249 602 requirat?
1280 555 1357 593 390

177 618 286 641 arma
306 605 460 642 dabunt
478 606 578 654 ipsi.'
632 608 687 642 sic
710 604 813 641 fatus
833 605 981 642 deinde
1002 611 1225 642 comantem

179 658 384 708 Androgei
403 659 558 707 galeam
577 659 775 708 clipeique
793 661 950 708 insigne
968 658 1157 695 decorum

178 711 358 748 induitur
378 712 572 761 laterique
593 712 787 761 Argivum
808 712 1082 749 accommodat
1101 725 1247 749 ensem.

178 764 252 800 hoc
275 765 463 814 Ripheus,
484 765 559 801 hoc
578 767 664 815 ipse
685 765 835 814 Dymas
854 768 1060 814 omnisque
1079 768 1264 802 iuventus

177 818 283 854 laeta
302 818 422 863 facit3
451 819 585 868 spoliis
605 832 645 854 se
666 822 830 868 quisque
852 820 1080 855 recentibus
1097 825 1237 855 armat.
1280 823 1355 861 395

178 872 357 908 vadimus
376 875 546 908 immixti
567 872 715 909 Danais
738 872 840 908 haud
863 874 1026 908 numine
1045 877 1193 917 nostro,

178 926 384 974 multaque
406 939 477 975 per
497 938 654 962 caecam
674 928 874 976 congressi
895 926 1043 975 proelia
1064 931 1225 962 noctem

177 983 431 1025 conserimus,
450 980 597 1015 multos
620 979 801 1016 Danaum
823 979 1072 1015 demittimus
1091 979 1208 1017 Orco.

178 1032 395 1081 diffugiunt
414 1033 479 1068 alii
500 1033 550 1069 ad
570 1035 680 1069 navis
700 1038 742 1069 et
761 1032 876 1069 litora
897 1045 1011 1069 cursu

177 1085 254 1121 fida
274 1091 432 1135 petunt,
453 1099 540 1135 pars
559 1089 767 1135 ingentem
787 1085 1000 1122 formidine
1019 1088 1127 1136 turpi
1280 1091 1356 1123 400

178 1139 375 1176 scandunt
394 1153 525 1176 rursus
546 1152 691 1188 equum
712 1145 753 1176 et
772 1145 866 1175 nota
885 1140 1112 1176 conduntur
1132 1142 1170 1176 in
1191 1139 1288 1176 alvo.

225 1197 248 1212 “
262 1192 378 1228 Heu!
406 1193 506 1229 nihil
527 1195 660 1229 invitis
680 1193 737 1229 fas
758 1206 998 1242 quemquam
1020 1193 1142 1229 fidere
1163 1193 1289 1230 divis!

178 1259 270 1282 ecce
292 1245 526 1283 trahebatur
546 1249 668 1296 passis
691 1247 882 1282 Priameia
902 1249 1012 1295 virgo

176 1300 348 1336 crinibus
368 1314 390 1335 a
409 1300 560 1349 templo
579 1300 797 1336 Cassandra
815 1300 1024 1349 adytisque
1046 1299 1264 1344 Minervae,

175 1353 226 1389 ad
247 1353 401 1389 caelum
421 1353 594 1390 tendens
612 1353 795 1389 ardentia
814 1353 964 1389 lumina
983 1352 1139 1396 frustra,
1280 1356 1355 1389 405

175 1406 337 1449 lumina„
357 1419 449 1442 nam
469 1412 628 1443 teneras
646 1407 835 1442 arcebant
854 1407 1010 1442 vincula
1029 1406 1188 1455 palmas.

174 1473 256 1496 non
277 1460 369 1496 tulit
389 1459 491 1496 hanc
511 1464 684 1509 speciem
704 1459 846 1496 furiata
869 1465 1005 1496 mente
1026 1459 1225 1497 Coroebus

176 1519 217 1549 et
238 1527 322 1550 sese
343 1514 521 1550 medium
540 1516 680 1551 iniecit
698 1516 896 1562 periturus
915 1516 956 1549 in
975 1526 1132 1562 agmen.

175 1570 453 1616 consequimur
472 1570 606 1604 cuncti
626 1571 668 1604 et
687 1567 821 1603 densis
841 1570 1076 1603 incurrimus
1095 1570 1224 1604 armis.

176 1620 241 1656 hie
261 1625 432 1669 primum
453 1634 501 1657 ex
520 1621 601 1656 alto
622 1620 777 1657 delubri
798 1620 972 1657 culmine
991 1620 1083 1657 telis
1281 1625 1356 1657 410

176 1679 400 1710 nostrorum
421 1675 624 1710 obruimur
643 1676 846 1723 oriturque
865 1677 1085 1711 miserrima
1105 1674 1246 1711 caedes

174 1741 371 1763 armorum
393 1727 492 1765 facie
513 1733 554 1764 et
574 1727 782 1764 Graiarum
802 1740 932 1764 errore
952 1728 1142 1764 iubarum.

176 1786 262 1816 tum
285 1781 413 1816 Danai
434 1784 588 1830 gemitu
608 1787 729 1830 atque
749 1786 913 1830 ereptae
935 1783 1097 1830 virginis
1118 1784 1171 1817 ira

257 1872 303 1892 ³³³
326 1874 607 1905 circumfndimus
625 1874 664 1904 P.
936 1873 980 1892 ³³⁷
1003 1884 1087 1912 quae
1104 1875 1150 1906 JI.

258 1916 303 1935 ³⁹2
326 1918 499 1952 Androgei
538 1918 632 1948 MSS.
650 1929 662 1948 ,·
698 1918 882 1956 Androgeo
906 1916 1019 1948 known
1054 1922 1084 1948 ιο
1112 1918 1356 1954 ,κῃ-αιηυιανίαηε

216 1961 312 1998 (Aen.
329 1967 382 1991 vr.
401 1961 465 1997 20).
931 1959 976 1979 ³⁹⁵
998 1960 1166 1991 immixtis
1184 1961 1229 1993 M.

257 2002 301 2020 ³²²8
325 2003 535 2034 dimittimus
550 2002 598 2035 M.

175 2058 250 2090 320
