1430 2335
677 92 873 128 VIRGIL

181 181 288 205 sacra
307 181 425 204 manu
447 170 651 216 victosque
671 166 765 203 deos
786 179 1030 216 parvumque
1050 170 1238 215 nepotem
1282 169 1359 202 320

180 223 265 270 ipse
284 221 408 258 trahit
427 234 621 270 cursuque
641 234 777 256 amens
797 220 846 256 ad
864 220 1002 256 limina
1019 219 1166 256 tendit.

182 280 191 295 ‘
204 287 282 324 quo
311 287 371 311 res
413 288 565 311 summa
601 274 700 319 loco,
733 274 888 311 Panthu
906 275 921 310 ?
975 286 1093 323 quam
1131 272 1360 322 prendimus

283 340 416 365 arcem
434 329 448 364 ?
465 327 473 339 '

180 384 244 418 vix
264 394 311 418 ea
329 381 433 418 fatus
453 394 572 425 eram,
593 383 746 430 gemitu
766 393 855 416 cum
875 380 970 417 talia
990 380 1145 417 reddit:

180 439 192 455 ‘
207 438 317 472 venit
335 448 488 477 summa
506 435 591 471 dies
612 440 654 471 et
672 433 928 471 ineluctabile
949 440 1106 483 tempus

181 488 418 527 Dardaniae.
474 488 622 525 fuimus
640 487 775 532 Troes,
795 487 870 523 fuit
894 487 1010 523 Ilium
1030 493 1072 524 et
1091 490 1233 535 ingens
1284 489 1359 522 325

180 542 304 591 gloria
322 542 585 585 Teucrorum;
614 541 722 578 ferus
741 544 873 578 omnia
892 540 1075 590 Iuppiter
1093 543 1221 589 Argos

180 597 412 641 transtulit3
440 599 603 632 incensa
623 594 752 631 Danai
772 595 1029 631 dominantur
1047 597 1088 630 in
1107 595 1214 630 urbe.

181 650 325 686 arduus
345 648 516 687 armatos
532 649 678 691 mediis
696 651 738 684 in
757 649 965 685 moenibus
984 648 1147 685 adstans
1164 669 1168 673 ·
1198 658 1205 661 ⁴
1235 644 1247 649 ’

182 703 316 739 fundit
336 717 460 753 equus
479 705 685 751 victorque
705 702 829 739 Sinon
845 702 1033 738 incendia
1051 704 1193 738 miscet

181 757 389 793 insultans.
445 758 569 806 portis
589 756 654 792 alii
674 756 946 805 bipatentibus
965 755 1123 799 adsunt,
1285 756 1362 789 330

181 812 289 846 milia
309 816 407 860 quot
426 813 580 859 magnis
599 822 787 858 umquam
807 822 952 845 venere
973 809 1179 858 Mycenis3

180 864 374 900 obsedere
394 864 459 899 alii
479 863 572 901 telis
590 868 761 912 angusta
780 865 930 898 viarum

181 921 397 967 oppositis;
425 923 506 954 stat
521 916 613 953 ferri
631 919 735 953 acies
754 929 942 952 mucrone
962 928 1123 952 corusco

182 975 332 1016 stricta,
352 976 490 1020 parata
508 972 624 1014 neci3
652 973 716 1006 vix
736 972 852 1019 primi
872 969 1024 1019 proelia
1040 971 1247 1018 temptant

183 1031 385 1074 portarum
405 1024 547 1074 vigiles
567 1029 609 1060 et
628 1036 746 1060 caeco
769 1024 898 1059 Marte
918 1022 1134 1060 resistunt!
1285 1023 1361 1056 335

182 1079 328 1115 talibus
348 1077 580 1128 Othryadae
601 1077 718 1114 dictis
739 1082 780 1114 et
800 1079 962 1113 numine
981 1076 1117 1112 divum

182 1135 223 1169 in
237 1132 412 1169 flammas
432 1137 474 1168 et
493 1134 533 1168 in
554 1144 661 1167 arma
680 1131 796 1175 feror,
817 1143 894 1180 quo
912 1132 1037 1167 tristis
1056 1129 1212 1178 ErinyS,

182 1199 260 1236 quo
279 1186 460 1222 fremitus
480 1190 595 1221 vocat
613 1190 655 1221 et
673 1185 851 1221 sublatus
870 1183 920 1221 ad
939 1183 1103 1220 aethera
1121 1183 1277 1219 clamor.

181 1240 337 1276 addunt
356 1252 398 1276 se
417 1241 541 1274 socios
563 1238 739 1287 Ripheus
759 1243 801 1274 et
820 1239 1013 1273 maximus
1031 1239 1149 1273 armis

183 1294 351 1343 Epytus,
364 1293 487 1329 oblati
502 1305 573 1341 per
585 1291 733 1336 lunam,
751 1292 1011 1340 Hypanisque
1025 1290 1266 1340 Dymasque,
1286 1293 1362 1326 340

183 1353 225 1383 et
244 1348 358 1383 lateri
374 1346 652 1395 adglomerant
672 1349 820 1390 nostro,
840 1347 1073 1393 iuvenisque
1093 1344 1292 1380 Coroebus

184 1400 475 1450 Mygdonides:
503 1399 581 1435 illis
600 1398 649 1434 ad
670 1398 827 1434 Troiam
845 1397 949 1435 forte
968 1397 1108 1434 diebus

182 1458 361 1498 venerat,
380 1457 517 1490 insano
536 1452 776 1489 Cassandrae
794 1454 978 1488 incensus
998 1464 1142 1496 amore,

183 1514 225 1544 et
243 1521 368 1556 gener
385 1506 573 1543 auxilium
596 1505 748 1542 Priamo
770 1505 1070 1554 Phrygibusque
1089 1504 1257 1551 ferebat,

183 1561 334 1602 infelix,
355 1563 423 1610 qui
443 1573 520 1596 non
541 1572 708 1608 sponsae
728 1564 942 1609 praecepta
962 1558 1132 1595 furentis
1284 1563 1360 1596 345

182 1615 376 1651 audierit!

183 1682 280 1718 quos
301 1669 365 1703 ubi
386 1667 586 1703 confertos
605 1666 754 1702 audere
773 1668 815 1702 in
835 1666 985 1715 proelia
1004 1665 1097 1708 vidi,

183 1725 328 1770 incipio
343 1734 461 1770 super
481 1721 565 1757 his:
594 1724 604 1740 ‘
618 1723 793 1763 iuvenes,
814 1719 1023 1756 fortissima
1043 1718 1188 1756 frustra

182 1781 357 1826 pectora,
377 1778 406 1810 si
427 1775 536 1810 vobis
554 1773 771 1810 audentem
791 1778 969 1809 extrema
988 1773 1132 1822 cupido

183 1834 292 1866 certa
310 1831 434 1877 sequi,
454 1840 555 1877 quae
574 1830 626 1864 sit
645 1827 762 1863 rebus
781 1826 940 1862 fortuna
960 1826 1116 1864 videtis.
1286 1831 1361 1864 350

183 1895 389 1920 excessere
408 1894 544 1917 omnes
563 1881 694 1930 adytis
712 1882 867 1929 arisque
887 1879 1035 1916 relictis

225 1944 270 1964 ³²²
292 1955 429 1977 cursum
446 1944 514 1975 also
530 1944 644 1976 known
659 1948 690 1975 to
707 1944 852 1975 Servius.

225 1988 270 2007 ³⁴⁹
291 1988 442 2020 audendi
459 1988 516 2019 M:
538 1988 663 2019 auden·
679 1987 710 2017 P
721 1999 731 2019 .·
754 1986 936 2018 audentem
948 1986 1123 2026 preferred
1139 1986 1178 2027 by
1194 1987 1336 2019 Servius.

186 2040 262 2079 316
