1430 2335
668 109 860 146 VIRGIL

175 191 244 223 aut
263 185 386 222 herba
406 191 566 235 captum
587 186 702 221 viridi
721 191 790 221 aut
808 191 990 223 armenta
1010 192 1190 224 secutum

174 251 395 300 perducant
415 249 570 299 aliquae
591 249 745 286 stabula
764 249 814 286 ad
835 250 1030 300 Gortynia
1050 250 1226 287 vaccae.’'
1301 249 1351 288 60

173 320 257 351 tum
280 318 385 351 canit
409 314 678 363 Hesperidum
698 317 881 351 miratam
900 315 1003 352 mala
1021 316 1195 365 puellam
1213 328 1222 360 ;

173 385 258 416 tum
281 379 619 416 Phaethontiadas
640 392 775 416 musco
795 379 1016 417 circumdat
1034 393 1189 417 amarae

173 447 328 480 corticis
348 449 469 493 atque
488 444 571 480 solo
590 457 771 493 proceras
793 446 912 494 erigit
931 445 1051 482 alnos.

172 513 257 545 tum
278 511 396 552 canit,
418 513 617 545 errantem
639 508 833 545 Permessi
852 509 902 545 ad
922 508 1083 545 flumina
1105 509 1263 546 Gallum

172 574 304 610 Aonas
325 576 365 609 in
385 575 531 609 montis
551 578 596 610 ut
616 573 776 610 duxerit
797 587 875 609 una
895 586 1084 620 sororum,
1300 573 1348 612 65

172 644 295 688 utque
315 640 397 674 viro
419 637 569 674 Phoebi
590 637 730 674 chorus
750 637 1018 675 adsurrexerit
1037 641 1163 676 omnis
1181 652 1189 684 ;

172 708 216 739 ut
237 703 358 739 Linus
378 702 477 740 11300
497 702 554 738 illi
574 701 708 738 divino
728 705 1068 752 carminepastor,

171 767 328 804 floribus
348 772 468 817 atque
488 769 578 816 apio
599 768 714 804 crinis
735 772 895 803 ornatus
915 780 1060 812 amaro,

172 832 339 869 dixerit:
370 831 476 868 “hos
497 832 569 868 tibi
590 831 688 867 dant
707 831 891 876 calamos,
913 844 962 868 en
982 834 1129 880 accipe,
1153 832 1304 875 Musae,

171 898 343 934 Ascraeo
362 910 459 946 quos
479 902 572 933 ante
592 899 686 943 seni,
710 897 853 946 quibus
872 897 939 933 ille
959 897 1112 934 solebat
1301 899 1349 935 ΤΟ

171 962 367 999 cantando
387 961 531 1011 rigidas
552 961 749 998 deducere
769 961 972 998 montibus
991 974 1117 998 ornos.

171 1026 231 1063 his
251 1027 323 1063 tibi
344 1027 496 1076 Grynei
516 1028 689 1062 nemoris
709 1025 865 1062 dicatur
883 1028 1006 1075 origo,

170 1103 220 1127 ne
241 1093 327 1140 quis
349 1093 400 1127 sit
416 1090 539 1133 lucus,
560 1103 637 1139 quo
659 1102 699 1126 se
720 1090 808 1139 plus
828 1092 950 1126 iactet
972 1089 1154 1139 Apollo.’'

224 1154 330 1200 Quid
344 1155 493 1204 loquar,
507 1160 575 1191 aut
589 1153 761 1204 Scyllam
775 1154 873 1197 Nisi,
890 1167 1006 1204 quam
1022 1154 1123 1190 fama
1138 1159 1273 1191 secuta
1289 1160 1350 1192 est

170 1219 339 1256 candida
359 1222 599 1256 succinctam
619 1219 857 1256 latrantibus
876 1221 1039 1268 inguina
1059 1222 1244 1256 monstris
1300 1221 1348 1258 75

171 1284 376 1320 Dulichias
396 1297 556 1320 vexasse
577 1288 681 1320 rates
702 1288 744 1320 et
763 1285 923 1332 gurgite
944 1286 984 1319 in
1005 1283 1086 1320 alto

170 1348 213 1384 a!
245 1349 406 1385 timidos
426 1353 566 1385 nautas
587 1348 748 1383 canibus
769 1348 959 1384 lacerasse
980 1350 1164 1392 marinis3

168 1419 237 1449 aut
257 1419 301 1449 ut
321 1417 492 1449 mutatos
513 1412 630 1449 Terei
650 1414 869 1448 narraverit
887 1418 1008 1457 artus,

168 1491 264 1527 quas
283 1477 340 1513 illi
363 1477 581 1513 Philomela
600 1477 737 1526 dapes,
757 1489 858 1526 quae
879 1477 983 1512 dona
1003 1479 1163 1526 pararit,

168 1555 246 1591 quo
267 1555 381 1579 cursu
403 1542 560 1578 deserta
584 1544 770 1591 petiverit
792 1546 833 1577 et
853 1541 994 1590 quibus
1013 1546 1105 1578 ante
1300 1545 1348 1577 80

167 1607 307 1644 infelix
328 1620 396 1644 sua
416 1612 525 1643 tecta
547 1619 665 1655 super
686 1605 911 1642 volitaverit
930 1606 1031 1643 alis?

167 1675 298 1709 onmia
318 1686 417 1721 quae
442 1671 601 1707 Phoebo
622 1671 822 1720 quondam
842 1669 1065 1707 meditante
1087 1670 1226 1708 beatus

165 1736 294 1773 audiit
314 1736 481 1772 Eurotas
501 1738 693 1785 iussitque
714 1735 890 1772 ediscere
910 1734 1055 1779 laurus,

165 1801 232 1837 ille
255 1804 362 1837 canit
382 1800 535 1851 (pulsae
557 1800 736 1836 referunt
755 1800 805 1836 ad
826 1799 954 1836 sidera
973 1797 1126 1851 valles),

165 1879 307 1915 cogere
328 1866 455 1902 donec
475 1868 556 1902 ovis
577 1864 739 1902 stabulis
760 1878 1048 1915 numerumque
1069 1864 1218 1902 referre
1297 1869 1344 1902 85

165 1933 277 1967 iussit
298 1935 340 1967 et
360 1932 484 1967 invito
504 1932 696 1980 processit
716 1929 869 1978 Vesper
890 1929 1074 1979 Olympo.

376 2008 406 2028 '¹¹⁴
432 2013 466 2041 ut
483 2010 520 2042 R.
795 2008 825 2029 ⁸⁵
849 2011 964 2042 referri
983 2008 1117 2050 M2P27.

162 2064 212 2101 46
