1430 2335
673 108 861 144 VIRGIL

177 195 255 218 non
275 187 409 219 tamen
431 182 603 232 Euryali,
623 195 703 220 non
722 184 790 220 ille
809 184 955 220 oblitus
975 197 1149 220 amorum
1167 196 1175 220 ε

176 256 267 279 nam
288 257 372 281 sese
392 247 576 294 opposuit
596 243 700 281 Salio
720 257 791 294 per
810 245 959 281 lubrica
978 258 1154 295 surgens,
1277 247 1299 279 3

176 305 242 340 ille
263 310 397 342 autem
416 308 539 355 spissa
557 308 678 342 iacuit
696 306 895 343 revolutus
913 307 1070 343 harena.

178 368 320 402 emicat
341 366 532 416 Euryalus
552 372 594 403 et
612 380 776 404 munere
796 369 920 404 victor
939 369 1052 404 amici

178 427 303 473 prima
322 430 436 462 tenet
455 425 673 475 plausuque
693 426 799 462 volat
818 424 1056 475 fremituque
1078 425 1259 462 secundo.

178 488 269 532 post
293 483 490 533 Helymus
509 484 627 528 subit,
649 489 703 527 et,
724 497 829 520 nunc
849 487 968 521 tertia
986 484 1127 534 palma,
1151 484 1302 520 Diores.

234 542 312 578 Hic
333 547 461 578 totum
483 556 623 579 caveae
644 555 868 579 consessum
888 545 1060 592 ingentis
1080 547 1121 579 et
1141 555 1206 578 ora
1281 545 1356 577 340

179 603 306 649 prima
325 605 483 650 patrum
502 603 655 650 magnis
675 600 801 637 Salius
820 601 1053 637 clamoribus
1074 601 1226 650 implet,

180 664 440 709 ereptumque
461 659 551 696 dolo
572 659 685 696 reddi
705 660 777 695 sibi
797 663 923 708 poscit
943 659 1145 698 honorem.

180 725 334 757 tutatur
354 720 463 757 favor
482 720 697 771 Euryalum
719 721 980 771 lacrimaeque
1001 721 1180 765 decorae,

180 784 327 831 gratior
346 787 387 819 et
405 782 570 832 pulchro
591 785 752 819 veniens
773 785 812 818 in
834 795 993 831 corpore
1013 785 1148 820 virtus.

180 843 340 880 adiuvat
360 849 401 880 et
422 857 564 893 magna
584 844 800 893 proclamat
822 856 915 880 voce
937 843 1090 888 Diores,
1286 846 1359 878 345

181 908 248 955 qui
269 906 388 942 subiit
409 906 562 955 palmae
583 905 806 954 frustraque
827 905 875 941 ad
896 907 1068 954 praemia
1089 906 1198 942 venit

181 967 333 1010 ultima,
354 969 385 1002 si
406 969 521 1016 primi
543 966 647 1003 Salio
667 967 885 1003 reddantur
904 966 1084 1003 honores,

182 1033 264 1064 tum
287 1033 400 1078 pater
420 1029 588 1072 Aeneas,
609 1032 633 1049 “
647 1028 812 1071 vest1·a‚’'
834 1030 976 1077 inquit,
996 1032 1020 1049 “
1033 1040 1194 1064 munera
1215 1027 1322 1063 vobis

183 1094 291 1125 certa
310 1094 487 1134 manent,
508 1092 632 1138 pueri,
655 1093 695 1125 et
718 1089 889 1138 palmam
909 1094 1042 1125 movet
1062 1088 1199 1125 ordine
1220 1101 1337 1124 nemo
1355 1095 1363 1126 3

183 1163 246 1187 me
266 1150 384 1186 liceat
404 1163 516 1187 casus
535 1152 711 1186 miserari
731 1153 898 1187 insontis
917 1149 1070 1186 amici.’'
1287 1153 1362 1185 350

183 1215 237 1248 sic
258 1211 360 1248 fatus
380 1216 538 1261 tergum
559 1212 720 1248 Gaetuli
741 1214 912 1248 immane
933 1211 1056 1248 leonis

1305 247 1325 278 220

1332 248 1351 280 <Ji

183 1273 252 1310 dat
273 1273 388 1318 Salio,
410 1273 511 1309 villis
531 1286 738 1310 onerosum
759 1278 877 1322 atque
898 1273 1096 1322 unguibus
1115 1275 1253 1309 aureis.

185 1334 247 1370 hic
270 1335 400 1380 Nisus,
421 1337 487 1370 “si
508 1334 656 1379 tanta,”
680 1336 821 1383 inquit,
843 1337 865 1354 “
882 1339 973 1370 sunt
993 1337 1165 1383 praemia
1184 1336 1310 1380 victis,

185 1402 226 1431 et
246 1401 286 1432 te
307 1396 504 1444 lapsorum
524 1398 699 1440 miseret,
719 1408 819 1444 quae
839 1408 1001 1431 munera
1022 1395 1119 1432 Niso

185 1458 305 1507 digna
324 1457 448 1503 dabis,
469 1460 635 1506 primam
656 1459 780 1493 merui
802 1459 868 1505 qui
889 1456 1004 1493 laude
1025 1469 1220 1502 coronam,
1290 1461 1363 1493 355

185 1521 225 1554 ni
247 1532 323 1565 me,
344 1531 444 1568 quae
465 1518 630 1563 Salium,
650 1518 810 1554 fortuna
828 1520 987 1554 inimica
1008 1519 1193 1555 tulisset?
1210 1517 1230 1530 ''

186 1585 228 1616 et
246 1580 361 1616 simul
382 1580 442 1616 his
462 1580 578 1616 dictis
597 1578 739 1615 faciem
760 1579 987 1615 ostentabat
1007 1584 1047 1615 et
1067 1579 1145 1615 udo

188 1645 316 1690 turpia
335 1642 511 1678 membra
531 1641 632 1677 fimo.
690 1643 776 1677 risit
795 1645 908 1689 pater
927 1643 1098 1689 optimus
1117 1641 1184 1676 olli

187 1708 228 1740 et
248 1704 418 1752 elipeum
439 1703 566 1739 efferri
585 1705 710 1747 iussit,
732 1702 990 1751 Didymaonis
1009 1705 1115 1746 artis,

189 1766 367 1814 Neptuni
387 1778 495 1802 sacro
516 1764 664 1800 Danais
684 1763 733 1800 de
755 1769 868 1812 poste
888 1763 1075 1807 refixum3
1291 1762 1367 1800 360

186 1826 260 1863 hoc
280 1830 462 1863 iuvenem
484 1828 688 1875 egregium
707 1828 925 1874 praestanti
943 1837 1107 1861 munere
1127 1824 1259 1862 donat.

314 1886 360 1905 ‘³³⁷
386 1888 496 1919 amieo
513 1885 578 1917 Ml.
830 1884 877 1904 ³⁴⁰
899 1895 1100 1917 eonsensum
1116 1884 1212 1917 Mlle.

314 1929 359 1948 ³⁴⁷
385 1931 571 1961 reddantur
588 1928 671 1960 ⁴11¹ss
683 1942 693 1962 .·
713 1928 902 1961 redduntur
918 1926 990 1959 M²t
1021 1929 1207 1959 reddentur
1222 1929 1263 1959 P.

315 1972 362 1991 ³⁵⁰
386 1973 534 2004 misereri
550 1972 636 2004 P1R.
827 1970 873 1990 35⁴¹
899 1971 1054 2013 munera]
1071 1972 1218 2012 praemia
1234 1972 1280 2002 M.

315 2015 360 2035 ³⁵⁹
386 2019 493 2047 artem
509 2016 579 2047 PR.

193 2059 261 2098 268
