1430 2335
669 93 864 132 VIRGIL

229 173 322 209 Post
341 173 408 210 ubi
428 172 602 208 confecti
621 183 754 208 cursus
774 175 817 208 et
835 170 938 207 dona
956 172 1136 220 peregit:

175 230 200 247 “
212 240 330 271 nunc,
350 229 382 263 si
402 229 464 263 cui
482 229 607 262 virtus
624 228 856 274 animusque
874 227 916 260 in
934 229 1095 273 pectore
1114 233 1312 271 praesens,

174 280 278 317 adsit
297 285 340 316 et
359 283 527 316 evinctis
545 279 705 315 attollat
723 278 906 315 bracchia
924 276 1100 326 palmis.''

174 337 228 369 sic
247 336 315 378 ait,
336 339 377 370 et
398 336 602 382 geminum
621 344 779 381 pugnae
797 334 983 380 proponit
999 330 1205 374 honorem,
1275 325 1348 364 365

175 389 313 423 victori
332 387 506 423 velatum
524 399 618 423 auro
637 388 826 435 vittisque
844 387 1069 429 iuvencum,

173 453 310 476 ensem
328 446 449 490 atque
468 443 665 489 insignem
684 439 840 488 galeam
859 438 1001 474 solacia
1020 440 1136 473 victo.

172 506 247 529 nec
268 507 400 538 mora3
429 497 618 530 continuo
639 495 755 529 vastis
775 505 864 528 cum
883 492 1030 527 viribus
1049 490 1163 527 effert

173 560 239 582 ora
256 547 380 583 Dares
398 560 622 596 magnoque
642 549 766 582 virum
791 558 831 581 se
853 557 1050 581 murmure
1069 543 1190 588 tollit,

172 600 277 636 solus
297 603 363 650 qui
385 600 565 636 Paridem
585 599 722 636 solitus
741 598 986 635 contendere
1005 602 1156 641 contra,
1274 596 1350 633 370

171 653 357 703 idemque
380 654 430 690 ad
457 653 669 698 tumulum,
688 666 765 702 quo
783 654 976 689 maximus
994 651 1161 687 occubat
1184 649 1349 695 Hector,

171 710 360 744 victorem
383 708 527 752 Buten,
545 709 707 742 immani
725 718 888 755 corpore
907 707 974 755 qui
993 717 1035 741 se

172 761 364 810 Bebrycia
383 764 544 798 veniens
565 762 705 809 Amyci
724 760 774 796 de
794 764 917 808 gente
936 758 1102 802 serebat,

170 815 342 863 perculit
361 819 402 851 et
421 814 528 850 fulva
546 813 826 850 moribundum
846 812 1029 849 extendit
1049 811 1206 847 harena.

169 867 260 904 talis
280 870 407 916 prima
427 868 552 904 Dares
572 872 692 915 caput
710 866 836 902 altum
855 869 896 901 in
917 865 1065 914 proelia
1084 864 1204 908 tollit,
1273 866 1347 902 375

169 922 425 970 ostenditque
446 934 600 957 umeros
619 920 720 957 latos
739 920 971 968 alternaque
991 921 1112 955 iactat

170 975 353 1011 bracchia
372 973 617 1024 protendens
637 979 678 1011 et
697 974 879 1010 verberat
898 972 1041 1008 ictibus
1060 984 1183 1007 auras.

169 1031 371 1078 quaeritur
391 1028 480 1065 huic
499 1028 621 1071 alius;
649 1039 723 1063 nec
743 1029 948 1076 quisquam
968 1038 1017 1062 ex
1035 1027 1193 1074 agmine
1213 1029 1326 1061 tanto

168 1082 290 1118 audet
308 1082 417 1118 adire
437 1084 561 1117 virum
583 1082 840 1129 manibusque
860 1080 1049 1116 inducere
1067 1083 1231 1114 caestus.

169 1148 264 1184 ergo
282 1136 419 1171 alacris
438 1140 681 1184 cunctosque
701 1139 845 1182 putans
865 1133 1057 1169 excedere
1077 1132 1207 1180 palma
1273 1134 1348 1167 380

168 1190 331 1225 Aeneae
347 1191 461 1225 stetit
479 1194 572 1224 ante
593 1187 728 1237 pedes,
744 1200 817 1223 nec
836 1186 948 1236 plura
965 1190 1138 1222 moratus

167 1247 253 1278 tum
273 1242 382 1278 laeva
401 1247 557 1278 taurum
577 1254 697 1277 cornu
717 1245 832 1277 tenet
849 1245 969 1289 atque
987 1242 1044 1276 ita
1063 1239 1190 1276 fatur:

167 1299 193 1316 “
206 1301 300 1332 nate
322 1295 409 1339 dea,
430 1298 461 1332 si
481 1308 598 1331 nemo
618 1294 740 1331 audet
759 1307 800 1330 se
821 1293 983 1330 credere
1003 1305 1173 1342 pugnae,

167 1362 267 1398 quae
288 1349 374 1385 finis
393 1348 552 1385 standi?
608 1361 684 1398 quo
705 1360 768 1383 me
788 1347 907 1384 decet
925 1359 1050 1396 usque
1064 1346 1224 1382 teneri?

166 1403 312 1439 ducere
332 1403 437 1438 dona
456 1401 589 1438 iube.'’
645 1403 778 1438 cuncti
797 1400 912 1437 simul
931 1412 998 1436 ore
1018 1399 1242 1436 fremebant
1272 1402 1346 1436 385

167 1455 421 1492 Dardanidae
440 1455 632 1504 reddique
654 1458 735 1490 viro
753 1457 942 1503 promissa
961 1453 1161 1489 iubebant.

221 1509 299 1545 Hic
319 1511 448 1558 gravis
468 1508 674 1545 Entellum
697 1508 815 1544 dictis
835 1510 1005 1556 castigat
1024 1507 1203 1551 Acestes,

166 1565 365 1611 proximus
383 1567 430 1599 ut
448 1562 644 1598 viridante
665 1567 750 1597 toro
769 1560 1002 1597 consederat
1020 1559 1167 1596 herbae
1183 1572 1191 1596 z

166 1620 189 1636 ‘·'
205 1616 379 1660 Entelle,
398 1615 563 1652 heroum
583 1614 781 1664 quondam
802 1614 1015 1650 fortissime
1036 1613 1193 1658 frustra,

167 1674 332 1706 tantane
352 1674 433 1706 tam
455 1672 611 1718 patiens
631 1668 740 1704 nullo
760 1670 977 1704 certamine
996 1666 1084 1702 tolli
1270 1669 1345 1708 390

166 1722 269 1758 dona
288 1725 419 1759 sines?
448 1723 515 1758 ubi
535 1735 640 1759 nunc
659 1722 773 1758 nobis
791 1721 889 1757 deus
909 1720 976 1757 ille
995 1722 1196 1769 magister,

165 1779 404 1825 nequiquam
424 1781 664 1812 memoratus
684 1775 789 1823 Eryx
807 1776 821 1811 ?
850 1775 916 1810 ubi
930 1773 1034 1809 fama
1054 1785 1124 1822 per
1141 1785 1301 1808 omnem

165 1828 406 1865 Trinacriam
427 1834 468 1866 et
488 1830 611 1878 spoiia
631 1828 697 1864 illa
716 1830 795 1865 tuis
816 1827 1033 1877 pendentia
1052 1828 1169 1862 tectis
1185 1827 1199 1861 ἓ
1217 1825 1237 1838 ”

378 1896 426 1915 ³⁶⁴
450 1898 577 1929 vinctis
593 1898 632 1930 P.
894 1894 942 1912 ³⁷²
967 1895 1111 1934 percutit
1132 1895 1171 1926 R.

378 1939 424 1957 ”⁵²
450 1942 545 1971 laevo
562 1941 599 1971 P.
896 1937 942 1957 ³5³⁷
968 1939 1020 1969 his
1035 1938 1175 1969 Nonius.

376 1982 423 2001 ⁸⁸⁸
448 1984 549 2014 herba
570 1984 603 2015 R.

166 2045 242 2081 470
