1430 2335
641 110 833 148 VIRGIL

144 188 304 231 limina;
332 186 413 223 vidi
434 191 520 223 atro
540 199 630 222 cum
650 186 829 222 membra
847 184 1011 222 fluentia
1029 186 1124 222 tabo

144 241 355 277 manderet.
373 245 416 277 et
433 239 563 289 tepidi
585 245 806 276 tremerent
824 239 897 275 sub
916 239 1105 275 dentibus
1125 246 1243 278 artus.

146 294 252 330 haud
270 297 433 343 impune
454 293 615 343 quidem
632 306 640 336 ;
668 306 744 329 nec
762 293 859 329 talia
878 306 1013 342 passus
1037 293 1172 330 Ulixes

147 348 344 384 oblitusve
364 350 423 383 sui
444 353 506 384 est
526 346 688 383 Ithacus
707 346 935 383 discrimine
953 352 1080 383 tanto.

146 415 238 438 nam
257 400 373 437 simul
393 401 576 450 expletus
595 400 761 449 dapibus
780 402 950 449 vinoque
970 399 1149 449 sepultus
1246 399 1324 438 630

146 457 340 492 cervicem
359 454 543 491 inflexam
563 457 707 503 posuit,
726 455 927 502 iacuitque
946 466 1018 502 per
1034 459 1193 490 antrum

145 512 374 553 immensus,
393 511 545 545 saniem
564 513 748 544 eructans
768 512 810 544 et
827 507 954 543 frusta
970 512 1137 543 cruento

149 575 221 612 per
239 575 420 599 somnum
441 564 654 598 commixta
672 573 795 607 mero,
814 573 900 606 nos,
920 574 1064 609 magna
1083 563 1233 610 precati

146 618 310 652 numina
329 618 538 665 sortitique
558 618 675 657 vices,
699 627 775 650 una
797 614 971 664 undique
991 617 1140 651 circum

148 669 354 706 fundimur
373 674 415 705 et
433 669 517 706 'celo
535 668 672 704 lumen
692 669 940 705 terebramus
959 673 1076 704 acuto
1248 667 1323 705 635

147 727 305 773 iugens,
325 723 430 772 quod
451 728 562 759 torva
582 722 709 758 solum
729 723 801 758 sub
820 722 952 758 fronte
972 721 1138 766 latebat,

151 777 326 826 Argolici
346 777 465 825 clipei
484 781 554 812 aut
576 776 785 812 Phoebeae
806 775 998 824 lampadis
1017 778 1155 821 instar,

151 836 192 866 et
214 830 377 866 tandem
398 830 495 866 laeti
514 832 708 865 sociorum
729 828 953 865 ulciscimur
971 830 1139 865 umbras.

149 884 220 921 sed
238 884 382 933 fugite,
404 884 439 920 O
463 886 607 926 miseri,
627 883 756 932 fugite
776 887 898 932 atque
918 883 968 919 ab
985 882 1104 919 litore
1123 882 1261 919 funem

149 941 332 987 rumpite.
1249 935 1325 973 640

148 1004 238 1027 nam
261 990 387 1041 qualis
406 995 656 1039 quantusque
677 1002 771 1025 cavo
793 989 1062 1040 Polyphemus
1081 992 1121 1026 in
1142 995 1256 1026 antro

149 1045 346 1094 lanigeras
365 1044 517 1080 claudit
537 1043 713 1093 pecudes
731 1048 853 1093 atque
874 1044 996 1080 ubera
1014 1050 1181 1092 pressat,

149 1104 311 1135 centum
332 1098 397 1133 alii
418 1110 535 1134 curva
554 1097 654 1133 haec
674 1096 860 1133 habitant
878 1097 928 1133 ad
948 1097 1067 1134 litora
1085 1097 1203 1147 volgo

148 1152 303 1188 infandi
324 1151 516 1200 Cyclopes
537 1157 579 1187 et
598 1151 689 1187 altis
709 1151 913 1187 montibus
933 1156 1076 1187 errant.

148 1209 270 1242 tertia
289 1208 368 1241 iam
388 1205 504 1240 lunae
525 1218 565 1241 se
587 1217 732 1240 cornua
752 1205 903 1241 lumine
924 1204 1142 1253 complent,
1250 1202 1325 1241 645

149 1273 240 1295 cum
260 1262 380 1295 vitam
401 1261 442 1294 in
463 1257 568 1294 silvis
588 1261 694 1294 inter
713 1257 872 1295 deserta
892 1257 1065 1294 ferarum

150 1314 275 1350 lustra
295 1312 514 1361 domosque
536 1312 653 1348 traho
672 1317 884 1360 vastosque
903 1312 953 1347 ab
974 1324 1071 1361 rupe
1093 1311 1284 1361 Cyclopas

150 1369 347 1416 prospicio
366 1369 622 1414 sonitumque
641 1365 790 1414 pedum
812 1377 1030 1415 vocemque
1048 1370 1255 1402 tremesco.

152 1423 300 1456 victum
322 1418 538 1463 infelicem,
559 1419 674 1454 bacas
695 1418 950 1468 lapidosaque
970 1431 1101 1464 corna,

151 1474 251 1509 dant
270 1476 380 1517 rami,
404 1477 445 1509 et
466 1472 584 1508 volsis
605 1477 773 1521 pascunt
794 1472 989 1508 radicibus
1010 1472 1168 1508 herbae.
1252 1470 1328 1509 650

152 1530 283 1563 onmia
303 1525 550 1562 conlustrans
570 1525 672 1561 hanc
694 1528 864 1574 primum
884 1526 933 1561 ad
955 1526 1070 1562 litora
1089 1525 1252 1562 classem

152 1583 338 1630 prospexi
357 1582 599 1616 venientem.
658 1579 749 1615 huic
770 1592 847 1624 me,
866 1592 1139 1628 quaecumque
1159 1579 1313 1624 fuisset,

150 1634 284 1670 addixi
302 1646 310 1677 3
340 1636 433 1669 satis
454 1638 516 1669 est
534 1638 699 1682 gentem
720 1632 902 1681 effugisse
923 1632 1148 1669 nefandam.

151 1700 219 1724 vos
237 1690 406 1723 animam
430 1687 531 1722 hanc
551 1689 683 1735 potius
702 1699 952 1735 quocumque
971 1686 1169 1722 absumite
1188 1685 1298 1722 leto?

204 1745 229 1762 “
243 1741 318 1776 Vix
334 1753 379 1776 ea
394 1739 500 1776 fatus
516 1745 614 1783 erat,
629 1752 781 1776 summo
801 1752 890 1776 cum
906 1745 1041 1776 monte
1054 1739 1234 1776 videmus
1255 1737 1328 1775 655

151 1797 279 1843 ipsum
299 1796 405 1830 inter
424 1794 599 1842 pecudes
618 1799 727 1829 vasta
747 1806 788 1829 se
807 1793 912 1829 mole
931 1798 1161 1830 moventem

152 1852 350 1897 pastorem
372 1846 661 1897 Polyphemum
681 1852 724 1884 et
742 1846 859 1883 litora
878 1851 973 1883 nota
992 1851 1216 1897 petentem,

365 1949 411 1969 ⁶²⁷
437 1951 559 1990 trepidi
577 1948 691 1988 M1P²‚
708 1950 820 1981 known
838 1955 868 1982 to
883 1950 1024 1983 Servius.

367 1992 411 2011 ‘³²³
437 1994 629 2031 oblitusque
645 1995 683 2025 P.

371 2034 417 2054 ⁶³²
442 2037 644 2067 immensum
663 2037 700 2075 P,
721 2037 863 2067 Sera-ius.

154 2109 231 2147 390
