1430 2335
650 106 844 143 VIRGIL

163 195 353 232 spemque
383 195 626 232 gregemque
657 183 770 219 simul
804 188 1066 233 cunctamque
1098 182 1148 218 ab
1180 183 1334 230 origine

266 241 439 284 gentem.

164 295 248 325 tum
270 291 380 332 sciat,
401 291 525 325 aerias
547 290 660 339 Alpis
682 295 724 326 et
746 290 888 326 Norica
909 292 940 326 si
960 292 1046 339 quis

163 341 323 378 castella
342 344 382 377 in
403 342 568 379 tumulis
590 348 632 379 et
653 342 814 392 Iapydis
834 356 925 379 arva
943 343 1097 379 Timavi
1257 343 1333 379 475

162 407 268 430 nunc
288 407 444 444 quoque
466 401 556 445 post
577 400 690 432 tanto
710 396 856 439 videat,
878 396 1113 445 desertaque
1135 407 1258 443 regna

163 453 363 497 pastorum
384 453 426 484 et
444 448 563 498 longe
584 449 705 486 saltus
725 449 884 499 lateque
903 452 1087 485 vacantis.

218 501 297 536 Hic
318 501 518 550 quondam
537 502 673 538 morbo
693 502 792 538 caeli
814 502 1035 538 miseranda
1054 506 1187 538 coorta
1207 505 1267 537 est
1302 513 1309 519 ·

163 559 384 603 tempestas
406 560 569 604 totoque
591 557 772 591 autumni
792 555 999 591 incanduit
1017 560 1143 599 aestu,

164 613 206 644 et
226 620 352 656 genus
373 620 489 643 omne
509 611 596 644 neci
618 608 816 657 pecudum
837 608 963 652 dedit,
984 621 1100 644 omne
1121 607 1304 650 ferarum,

164 663 418 710 corrupitque
438 660 557 707 lacus,
578 661 718 698 infecit
737 660 879 711 pabula
898 662 1000 697 tabo.
1260 664 1332 695 481

164 726 238 749 nec
259 717 319 749 via
338 717 475 750 mortis
495 719 580 751 erat
600 715 792 764 simplex3
824 715 893 750 sed
914 715 979 750 ubi
1000 717 1116 763 ignea
1136 716 1245 750 venis

164 767 345 803 omuibus
365 772 453 803 acta
473 770 556 803 sitis
577 770 739 804 miseros
758 767 977 803 adduxerat
995 773 1116 812 artus,

165 832 297 855 rursus
316 820 544 856 abundabat
564 820 705 857 fluidus
725 821 852 870 liquor
871 823 1080 870 omniaque
1101 823 1140 856 in
1160 833 1201 856 se

164 885 249 908 ossa
270 875 494 909 minutatim
516 874 653 909 morbo
673 874 856 922 conlapsa
875 873 1069 910 trahebat.
1263 877 1336 909 485

166 939 283 974 saepe
305 928 343 960 in
365 925 512 962 honore
533 926 652 962 deum
673 927 804 963 medio
824 932 930 962 stans
951 926 1078 963 hostia
1098 926 1147 962 ad
1167 939 1286 971 aram,

166 978 279 1014 lanea
300 978 395 1014 dum
416 982 529 1015 nivea
550 980 818 1016 circumdatur
837 979 961 1015 infula
980 983 1092 1025 vitta,

165 1033 271 1067 inter
290 1036 513 1069 cunctantis
533 1033 675 1069 cecidit
694 1032 927 1069 moribunda
945 1036 1153 1070 ministros,

164 1089 234 1119 aut
254 1087 284 1119 si
305 1098 421 1134 quam
442 1085 544 1122 ferro
563 1092 804 1123 mactaverat
822 1090 916 1122 ante
937 1086 1128 1131 sacerdos,

165 1137 260 1173 inde
281 1151 410 1187 neque
432 1141 625 1189 impositis
646 1139 788 1176 ardent
808 1140 946 1175 altaria
965 1139 1084 1184 fibris,
1264 1142 1340 1180 490

165 1203 238 1226 nec
259 1203 444 1240 responsa
463 1197 595 1241 potest
615 1193 814 1228 consultus
835 1192 1000 1228 reddere
1021 1197 1144 1238 vates,

165 1256 209 1279 ac
230 1245 293 1280 vix
314 1247 505 1294 suppositi
524 1248 734 1294 tinguntur
752 1248 942 1295 sanguine
962 1245 1077 1281 cultri

166 1309 397 1347 summaque
420 1300 549 1334 ieiuna
569 1302 676 1335 sanie
692 1297 908 1334 infuscatur
926 1297 1083 1335 harena.

166 1349 259 1385 hinc
280 1350 391 1387 laetis
407 1352 520 1387 vituli
540 1351 656 1400 volgo
676 1354 899 1388 moriuntur
918 1354 957 1386 in
978 1351 1110 1387 herbis

166 1407 208 1439 et
229 1403 354 1440 dulcis
372 1407 520 1440 animas
541 1405 659 1454 plena
677 1404 727 1441 ad
747 1407 950 1454 praesepia
968 1405 1166 1448 reddunt3
1264 1409 1339 1446 495

167 1455 258 1492 hinc
278 1457 439 1492 canibus
458 1458 612 1494 blandis
633 1458 760 1494 rabies
780 1460 903 1503 venit,
924 1462 966 1494 et
984 1460 1114 1507 quatit
1133 1471 1271 1507 aegros

166 1513 282 1545 tussis
302 1510 446 1546 anhela
466 1523 553 1547 sues
572 1524 616 1547 ac
637 1511 812 1548 faucibus
832 1513 943 1559 angit
962 1511 1100 1547 obesis.

167 1562 312 1598 labitur
331 1562 468 1599 infelix
488 1564 706 1600 studiorum
726 1569 845 1613 atque
867 1567 1072 1599 immemor
1091 1564 1235 1600 herbae

169 1618 292 1651 victor
311 1628 436 1665 equus
456 1616 655 1667 fontisque
675 1621 867 1653 avertitur
888 1621 929 1652 et
950 1617 1052 1665 pede
1072 1622 1219 1653 terram

168 1668 304 1704 crebra
324 1668 440 1712 ferit3
471 1669 666 1706 demissae
687 1682 812 1713 aures,
835 1672 1010 1705 incertus
1031 1670 1177 1705 ibidem
1267 1674 1342 1706 500

211 1771 254 1790 ⁴⁷⁵
276 1773 325 1811 et]
355 1776 392 1803 ut
416 1772 453 1804 P.
515 1774 653 1815 Iapydis
684 1774 730 1812 M,
762 1773 897 1812 Probus,
925 1774 1076 1806 Servius:
1112 1774 1249 1814 Iapygis
1269 1774 1342 1805 PR.

168 1815 262 1854 arva]
279 1825 338 1846 ora
353 1814 389 1846 P.

211 1857 254 1876 ⁴⁸¹
276 1859 506 1896 corripuitque
523 1858 561 1891 P.

211 1899 255 1918 ⁴⁸³
278 1904 467 1931 attraxerat
483 1900 522 1933 P.

212 1942 255 1961 ⁴¹⁸⁸
279 1944 459 1982 magistros
475 1945 513 1977 R.

173 2024 246 2056 188
