1430 2335
640 91 834 128 VIRGIL

147 167 223 201 iam
244 168 424 215 propiore
445 166 522 205 dei.
579 170 606 189 “
620 180 747 205 cessas
767 170 807 204 in
828 172 919 205 vota
938 180 1168 217 precesque,
1248 178 1327 202 MPR

146 228 281 274 Tros‚³'
311 232 378 277 ait,
413 235 436 251 “
450 232 614 268 Aenea?
685 244 811 268 cessas
827 233 840 268 ?
908 244 1038 281 neque
1070 233 1176 268 enim
1205 235 1300 268 ante

250 293 461 332 dehiscent

144 362 340 395 attonitae
360 372 505 408 magna
524 372 591 395 ora
610 359 791 397 domus.'’
850 364 893 396 et
911 359 1006 396 talia
1025 359 1107 396 fata

145 426 348 460 conticuit.
405 423 561 473 gelidus
580 423 742 461 Teucris
762 437 833 474 per
853 423 951 461 dura
971 427 1144 461 cucurrit

144 501 228 524 ossa
250 493 411 534 tremor,
433 487 644 538 funditque
665 501 804 538 preces
819 501 888 525 rex
904 493 1067 538 pectore
1082 489 1132 524 ab
1147 491 1249 525 imo:
1280 492 1327 525 55

145 556 168 573 “
184 552 358 598 Phoebe,
378 555 508 602 gravis
529 552 671 589 Troiae
692 566 849 602 semper
867 556 1055 590 miserate
1076 552 1244 596 labores,

146 616 332 653 Dardana
351 619 417 667 qui
439 617 589 653 Paridis
609 617 756 654 direxti
775 617 857 654 tela
877 630 1096 667 manusque

144 694 284 730 corpus
302 684 343 718 in
364 681 577 727 Aeacidae,
597 695 761 731 magnas
781 682 972 718 obeuntia
991 686 1117 718 terras

143 751 206 783 tot
224 749 346 782 maria
366 749 510 783 intravi
531 746 633 783 duce
653 752 694 783 te
715 749 955 796 penitusque
976 750 1153 796 repostas

145 810 362 861 Massylum
382 813 515 860 gentis
534 816 825 861 praetentaque
846 811 1029 860 Syrtibus
1048 822 1161 855 arva3
1279 808 1329 847 60

143 877 220 911 iam
242 875 405 912 tandem
428 875 566 912 Italiae
588 875 781 924 fugientis
801 874 1033 925 prendimus
1053 886 1162 918 oras3

144 939 218 976 hac
237 939 405 976 Troiana
424 945 543 976 tenus
563 939 685 977 fuerit
705 939 864 976 fortuna
884 944 1032 977 secuta.

144 1017 213 1040 vos
231 1017 387 1054 quoque
411 1003 652 1053 Pergameae
673 1007 748 1040 iam
771 1004 828 1041 fas
849 1008 911 1041 est
930 1016 1093 1053 parcere
1113 1006 1240 1053 genti,

144 1068 264 1118 dique
284 1068 464 1118 deaeque
485 1081 637 1114 omnes,
657 1069 800 1119 quibus
820 1069 979 1105 obstitit
996 1068 1113 1105 Ilium
1130 1073 1171 1104 et
1186 1070 1330 1117 ingens

144 1133 270 1182 gloria
290 1133 525 1170 Dardaniae.
583 1138 720 1182 tuque,
740 1146 763 1170 o
783 1135 1030 1170 sanctissima
1049 1137 1172 1178 vates,
1280 1130 1329 1168 65

144 1200 319 1247 praescia
341 1200 506 1244 venturi,
529 1198 578 1234 da
599 1197 698 1249 (non
718 1198 899 1234 indebita
919 1210 1038 1247 posco

144 1275 268 1311 regna
287 1264 385 1299 meis
405 1261 516 1312 fatis)
538 1262 653 1299 Latio
673 1262 880 1299 considere
900 1261 1074 1299 Teucros

145 1329 391 1376 errantisque
412 1326 507 1363 deos
527 1329 758 1376 agitataque
778 1329 941 1362 numina
960 1326 1112 1363 Troiae.

144 1396 231 1427 tum
255 1389 414 1427 Phoebo
435 1395 476 1427 et
496 1390 651 1427 Triviae
672 1390 798 1427 solido
818 1390 868 1427 de
888 1403 1082 1428 marmore
1106 1390 1303 1440 templum

144 1458 349 1492 instituam
371 1455 574 1505 festosque
595 1455 680 1493 dies
700 1455 751 1492 de
772 1457 934 1492 nomine
956 1455 1119 1492 Phoebi.
1280 1456 1330 1493 70

144 1525 186 1557 te
206 1533 362 1569 quoque
384 1533 527 1569 magna
546 1524 712 1557 manent
731 1521 865 1569 regnis
886 1519 1107 1569 penetralia
1126 1522 1282 1555 nostris.

144 1584 209 1620 hic
229 1597 304 1633 ego
323 1597 494 1634 namque
515 1589 602 1621 tuas
623 1587 739 1621 sortis
759 1597 981 1634 arcanaque
1002 1583 1083 1620 fata

145 1649 254 1685 dicta
272 1662 385 1686 meae
407 1651 520 1698 genti
541 1662 697 1698 ponam,
718 1649 924 1699 lectosque
944 1648 1119 1694 sacrabo,

145 1711 261 1757 alma,
280 1714 394 1748 viros.
452 1711 556 1748 foliis
576 1717 733 1748 tantum
754 1724 805 1748 ne
826 1713 1000 1748 carmina
1021 1710 1177 1757 manda,

145 1788 196 1812 ne
216 1776 377 1812 turbata
398 1775 534 1812 volent
555 1775 700 1824 rapidis
720 1775 892 1811 ludibria
911 1777 1040 1812 ventis
1058 1787 1067 1818 3
1281 1775 1329 1812 75

146 1842 230 1889 ipsa
249 1852 364 1876 canas
384 1838 491 1876 oro.”
546 1839 664 1877 finem
686 1839 801 1876 dedit
819 1852 886 1876 ore
905 1838 1106 1888 loquendi.

316 1931 345 1949 ⁶⁷
371 1933 557 1963 consistere
573 1933 612 1964 R.
917 1929 947 1950 ⁶⁹
974 1931 1099 1971 templa
1115 1931 1155 1963 P.

317 1974 347 1993 ⁷⁰
373 1976 580 2007 constituam
597 1976 636 2007 R.

149 2032 223 2065 510
