1430 2335
613 103 807 140 VIRGIL

115 178 276 215 confieri
295 180 431 227 possit,
450 180 598 227 paucis,
618 178 796 224 adverte,
815 177 979 215 docebo.
1220 192 1299 215 mm

117 237 307 269 venatum
328 232 487 269 Aeneas
506 245 663 281 unaque
682 234 901 268 miserrima
921 231 1026 268 Dido

116 288 158 322 in
176 299 316 322 nemus
335 289 392 322 ire
414 291 569 335 parant,
588 287 656 322 ubi
676 288 822 334 primos
843 288 1035 321 crastinus
1054 291 1164 322 ortus

117 339 306 376 extulerit
327 339 443 375 Titan
462 339 659 388 radiisque
678 341 869 376 retexerit
888 340 1035 376 orbem.

117 393 179 430 his
198 406 273 442 ego
293 395 519 442 nigrantem
538 395 751 430 commixta
770 393 965 442 grandine
985 393 1177 439 nimbum,
1227 397 1300 430 120

118 447 213 483 dum
234 447 438 496 trepidant
455 447 540 483 alae
560 446 761 496 saltusque
780 446 968 495 indagine
988 449 1169 495 cingunt,

119 500 292 549 desuper
311 500 518 536 infundam
539 505 581 536 et
600 503 752 536 tonitru
772 500 925 537 caelum
945 513 1061 536 omne
1082 501 1204 537 ciebo.
1245 512 1302 536 MR

119 553 332 603 diffugient
352 557 517 590 comites
538 559 580 590 et
599 559 717 590 nocte
737 559 928 603 tegentur
947 567 1067 603 opaca
1085 566 1093 598 3

122 607 352 656 speluncam
374 607 480 643 Dido
500 607 579 643 dux
601 613 642 644 et
662 607 853 644 Troianus
872 607 1040 644 eandem

121 662 350 698 devenient.
407 661 527 697 adero
548 665 602 707 et,
616 667 686 698 tua
706 664 737 697 si
757 661 852 697 mihi
874 666 981 697 certa
1002 660 1198 706 voluntas,
1230 665 1301 697 125

121 715 289 751 conubio
309 718 471 763 iungam
490 715 622 751 stabili
642 717 918 764 propriamque
939 714 1100 757 dicab03

122 768 185 804 hic
206 769 450 818 hymenaeus
470 768 584 805 erit.'’
642 781 722 804 non
740 768 946 805 adversata
966 770 1124 817 petenti

121 822 263 858 adnuit
281 827 401 872 atque
422 822 521 858 dolis
540 824 625 858 risit
645 822 843 872 Cytherea
862 824 1041 871 repertis.

175 876 380 912 Oceanum
400 878 554 912 interea
573 889 736 922 surgens
761 877 909 911 Aurora
928 875 1098 924 reliquit.

122 931 154 964 it
174 932 296 977 portis
317 930 452 965 iubare
474 935 610 966 exorto
631 929 788 965 delecta
807 931 991 966 iuventus
1009 941 1017 972 ;
1233 931 1304 963 130

121 985 220 1018 retia
240 996 337 1027 rara,
358 983 511 1033 plagae,
531 983 612 1019 lato
632 983 825 1019 venabula
843 982 960 1028 ferro,

124 1036 364 1086 Massylique
388 1041 508 1073 ruunt
528 1039 683 1086 equites
703 1041 744 1073 et
763 1036 883 1072 odora
903 1049 1041 1072 canum
1065 1038 1130 1073 vis.

124 1092 301 1138 reginam
321 1090 496 1126 thalamo
516 1095 771 1127 cunctantem
791 1090 840 1126 ad
860 1090 996 1126 limina
1014 1091 1129 1138 primi

126 1143 347 1179 Poenorum
376 1149 625 1193 exspectant,
645 1149 830 1193 ostroque
850 1145 1014 1192 insignis
1036 1148 1075 1179 et
1095 1156 1188 1179 auro

124 1201 203 1233 stat
223 1200 380 1246 sonipes
401 1211 444 1233 ac
465 1197 575 1233 frena
594 1197 705 1234 ferox
724 1200 948 1247 spumantia
966 1196 1130 1233 mandit.
1234 1200 1304 1232 135

126 1250 289 1287 tandem
310 1251 565 1299 progreditur
583 1265 728 1300 magna
747 1254 921 1299 stipante
942 1255 1111 1294 caterva,

125 1303 328 1340 Sidoniam
349 1307 455 1353 picto
475 1304 727 1354 chlamydem
747 1305 989 1341 circumdata
1008 1304 1139 1340 limbo.

125 1360 187 1393 cui
207 1357 393 1406 pharetra
413 1371 461 1394 ex
481 1371 587 1399 auro,
609 1361 737 1395 crines
755 1358 955 1394 nodantur
974 1360 1014 1393 in
1034 1370 1184 1401 aurum,

124 1424 242 1447 aurea
260 1425 499 1460 purpuream
519 1413 721 1448 subnectit
740 1411 858 1448 fibula
878 1417 1040 1448 vestem.

125 1477 200 1501 nec
219 1478 300 1500 non
321 1470 361 1501 et
385 1465 544 1515 Phrygii
565 1469 731 1502 comites
752 1470 794 1502 et
813 1466 941 1502 laetus
963 1464 1070 1501 Iulus
1235 1468 1306 1499 140

125 1518 342 1562 incedunt3
371 1522 454 1567 ipse
475 1524 569 1555 ante
589 1519 683 1556 alios
703 1519 991 1568 pulcherrimus
1009 1520 1136 1554 omnis

126 1572 249 1608 infert
269 1585 309 1608 se
329 1575 477 1608 socium
499 1574 656 1609 Aeneas
675 1578 797 1622 atque
816 1575 976 1622 agmina
995 1574 1137 1620 iungit.

127 1625 252 1673 qualis
274 1626 338 1661 ubi
361 1625 565 1662 hibernam
588 1626 747 1676 Lyciam
768 1625 999 1675 Xanthique
1018 1625 1167 1661 fluenta

127 1679 276 1715 deserit
294 1692 338 1714 ac
360 1679 506 1716 Delum
527 1685 748 1716 maternam
769 1682 903 1716 invisit
922 1678 1065 1728 Apollo
1227 1689 1308 1713 an

127 1734 400 1782 instauratque
420 1733 572 1778 choros,
593 1736 784 1783 mixtique
803 1733 941 1769 altaria
959 1735 1104 1768 circum
1236 1736 1306 1767 145

129 1786 345 1835 Cretesque
369 1787 627 1836 Dryopesque
648 1787 824 1824 fremunt
843 1789 1018 1836 pictique
1039 1784 1277 1834 Agathyrsi3

127 1841 212 1888 ipse
233 1842 334 1887 iugis
355 1839 500 1889 Cynthi
520 1841 699 1890 graditur
715 1841 903 1890 mollique
923 1839 1111 1876 fluentem

343 1898 388 1918 ¹¹⁶
411 1902 565 1939 confieri]
581 1901 671 1938 quod
685 1902 756 1932 fieri
773 1899 826 1931 Ml
845 1912 851 1932 :
875 1911 942 1937 quo
959 1900 1029 1931 fieri
1046 1899 1082 1931 F.

344 1941 391 1960 ¹¹⁸
416 1944 543 1983 primus
560 1942 645 1974 MlR
658 1957 667 1975 .·
690 1945 836 1982 primum
855 1941 919 1974 M².

345 1983 387 2003 ¹²⁷
412 1989 569 2017 aversata
584 1988 621 2023 R,
640 1987 753 2018 known
770 1992 800 2018 to
814 1986 956 2018 &rc-ius.

346 2026 388 2046 ¹²⁹
411 2030 574 2067 relinquit
590 2028 654 2063 Ml.
