<?xml version="1.0" encoding="UTF-8"?>
<!DOCTYPE html PUBLIC "-//W3C//DTD XHTML 1.0 Transitional//EN"
    "http://www.w3.org/TR/xhtml1/DTD/xhtml1-transitional.dtd">
<html xmlns="http://www.w3.org/1999/xhtml" xml:lang="en" lang="en">
 <head>
  <title>
</title>
<meta http-equiv="Content-Type" content="text/html;charset=utf-8" />
  <meta name='ocr-system' content='tesseract 3.04.00' />
  <meta name='ocr-capabilities' content='ocr_page ocr_carea ocr_par ocr_line ocrx_word'/>
</head>
<body>
  <div class='ocr_page' id='page_1' title='image "./virgilwithenglis01virg_0246.png"; bbox 0 0 1430 2335; ppageno 0'>
   <div class='ocr_carea' id='block_1_1' title="bbox 659 81 849 118">
    <p class='ocr_par' dir='ltr' id='par_1_1' title="bbox 659 81 849 118">
     <span class='ocr_line' id='line_1_1' title="bbox 659 81 849 118; baseline 0.011 -2"><span class='ocrx_word' id='word_1_1' title='bbox 659 81 849 118; x_wconf 83' lang='lat' dir='ltr'>VIRGIL</span> 
     </span>
    </p>
   </div>
   <div class='ocr_carea' id='block_1_2' title="bbox 162 158 1342 1859">
    <p class='ocr_par' dir='ltr' id='par_1_2' title="bbox 162 158 1335 420">
     <span class='ocr_line' id='line_1_2' title="bbox 215 158 1195 196; baseline 0.001 -3"><span class='ocrx_word' id='word_1_2' title='bbox 215 158 271 193; x_wconf 90' lang='lat' dir='ltr'>At</span> <span class='ocrx_word' id='word_1_3' title='bbox 290 163 418 194; x_wconf 86' lang='lat' dir='ltr'>mater</span> <span class='ocrx_word' id='word_1_4' title='bbox 439 161 611 195; x_wconf 85' lang='lat' dir='ltr'>sonitum</span> <span class='ocrx_word' id='word_1_5' title='bbox 632 158 807 195; x_wconf 69' lang='lat' dir='ltr'>thalamo</span> <span class='ocrx_word' id='word_1_6' title='bbox 829 158 902 196; x_wconf 87' lang='lat' dir='ltr'>sub</span> <span class='ocrx_word' id='word_1_7' title='bbox 921 158 1090 195; x_wconf 84' lang='lat' dir='ltr'>fluminis</span> <span class='ocrx_word' id='word_1_8' title='bbox 1125 159 1195 195; x_wconf 85' lang='lat' dir='ltr'>alti</span> 
     </span>
     <span class='ocr_line' id='line_1_3' title="bbox 162 211 1180 262; baseline 0.003 -16"><span class='ocrx_word' id='word_1_9' title='bbox 162 213 296 247; x_wconf 81' lang='lat' dir='ltr'>sensit.</span> <span class='ocrx_word' id='word_1_10' title='bbox 354 224 443 248; x_wconf 84' lang='lat' dir='ltr'>eam</span> <span class='ocrx_word' id='word_1_11' title='bbox 463 215 607 248; x_wconf 88' lang='lat' dir='ltr'>circum</span> <span class='ocrx_word' id='word_1_12' title='bbox 630 211 785 248; x_wconf 84' lang='lat' dir='ltr'>Milesia</span> <span class='ocrx_word' id='word_1_13' title='bbox 803 212 949 249; x_wconf 90' lang='lat' dir='ltr'>vellera</span> <span class='ocrx_word' id='word_1_14' title='bbox 970 212 1180 262; x_wconf 87' lang='lat' dir='ltr'>Nymphae</span> 
     </span>
     <span class='ocr_line' id='line_1_4' title="bbox 163 264 1335 314; baseline 0.002 -16"><span class='ocrx_word' id='word_1_15' title='bbox 163 265 389 312; x_wconf 75' lang='lat' dir='ltr'><strong>carpebant,</strong></span> <span class='ocrx_word' id='word_1_16' title='bbox 411 265 517 314; x_wconf 81' lang='lat' dir='ltr'>hyali</span> <span class='ocrx_word' id='word_1_17' title='bbox 537 270 668 301; x_wconf 83' lang='lat' dir='ltr'>saturo</span> <span class='ocrx_word' id='word_1_18' title='bbox 686 264 818 302; x_wconf 84' lang='lat' dir='ltr'>fucata</span> <span class='ocrx_word' id='word_1_19' title='bbox 836 265 980 311; x_wconf 89' lang='lat' dir='ltr'>colore,</span> <span class='ocrx_word' id='word_1_20' title='bbox 1261 268 1335 301; x_wconf 71' lang='lat'>335</span> 
     </span>
     <span class='ocr_line' id='line_1_5' title="bbox 162 316 1232 369; baseline 0.004 -18"><span class='ocrx_word' id='word_1_21' title='bbox 162 316 393 366; x_wconf 83' lang='lat' dir='ltr'>Drymoque</span> <span class='ocrx_word' id='word_1_22' title='bbox 413 318 654 367; x_wconf 78' lang='lat' dir='ltr'>Xanthoque</span> <span class='ocrx_word' id='word_1_23' title='bbox 676 318 876 369; x_wconf 85' lang='lat' dir='ltr'>Ligeaque</span> <span class='ocrx_word' id='word_1_24' title='bbox 898 318 1232 368; x_wconf 74' lang='lat' dir='ltr'>Phyllodoceque,</span> 
     </span>
     <span class='ocr_line' id='line_1_6' title="bbox 163 371 1136 420; baseline 0.003 -16"><span class='ocrx_word' id='word_1_25' title='bbox 163 373 375 406; x_wconf 64' lang='lat' dir='ltr'>caesariem</span> <span class='ocrx_word' id='word_1_26' title='bbox 396 372 541 407; x_wconf 88' lang='lat' dir='ltr'>effusae</span> <span class='ocrx_word' id='word_1_27' title='bbox 561 371 728 407; x_wconf 85' lang='lat' dir='ltr'>nitidam</span> <span class='ocrx_word' id='word_1_28' title='bbox 748 385 819 420; x_wconf 90' lang='lat' dir='ltr'>per</span> <span class='ocrx_word' id='word_1_29' title='bbox 838 371 1006 408; x_wconf 88' lang='lat' dir='ltr'>candida</span> <span class='ocrx_word' id='word_1_30' title='bbox 1024 372 1136 416; x_wconf 79' lang='lat' dir='ltr'>colla,</span> 
     </span>
    </p>

    <p class='ocr_par' dir='ltr' id='par_1_3' title="bbox 163 421 1122 527">
     <span class='ocr_line' id='line_1_7' title="bbox 164 421 1122 476; baseline 0.003 -18"><span class='ocrx_word' id='word_1_31' title='bbox 164 421 336 473; x_wconf 82' lang='lat' dir='ltr'>[Nesaee</span> <span class='ocrx_word' id='word_1_32' title='bbox 357 424 529 474; x_wconf 85' lang='lat' dir='ltr'>Spioque</span> <span class='ocrx_word' id='word_1_33' title='bbox 549 424 767 474; x_wconf 79' lang='lat' dir='ltr'>Thaliaque</span> <span class='ocrx_word' id='word_1_34' title='bbox 789 424 1122 476; x_wconf 50' lang='lat' dir='ltr'>Cymodoceque]</span> 
     </span>
     <span class='ocr_line' id='line_1_8' title="bbox 163 477 1109 527; baseline 0.003 -16"><span class='ocrx_word' id='word_1_35' title='bbox 163 477 425 527; x_wconf 77' lang='lat' dir='ltr'>Cydippeque</span> <span class='ocrx_word' id='word_1_36' title='bbox 445 483 488 514; x_wconf 91' lang='lat' dir='ltr'>et</span> <span class='ocrx_word' id='word_1_37' title='bbox 507 478 604 513; x_wconf 90' lang='lat' dir='ltr'>flava</span> <span class='ocrx_word' id='word_1_38' title='bbox 625 477 820 527; x_wconf 81' lang='lat' dir='ltr'>Lycorias,</span> <span class='ocrx_word' id='word_1_39' title='bbox 840 479 966 515; x_wconf 54' lang='lat' dir='ltr'>altera</span> <span class='ocrx_word' id='word_1_40' title='bbox 985 481 1109 527; x_wconf 85' lang='lat' dir='ltr'>virgo,</span> 
     </span>
    </p>

    <p class='ocr_par' dir='ltr' id='par_1_4' title="bbox 163 529 1339 632">
     <span class='ocr_line' id='line_1_9' title="bbox 163 529 1339 580; baseline 0.002 -16"><span class='ocrx_word' id='word_1_41' title='bbox 163 529 287 566; x_wconf 86' lang='lat' dir='ltr'>altera</span> <span class='ocrx_word' id='word_1_42' title='bbox 306 535 389 566; x_wconf 87' lang='lat' dir='ltr'>tum</span> <span class='ocrx_word' id='word_1_43' title='bbox 411 534 556 580; x_wconf 87' lang='lat' dir='ltr'>primos</span> <span class='ocrx_word' id='word_1_44' title='bbox 572 531 745 567; x_wconf 81' lang='lat' dir='ltr'>Lucinae</span> <span class='ocrx_word' id='word_1_45' title='bbox 766 537 930 580; x_wconf 83' lang='lat' dir='ltr'>experta</span> <span class='ocrx_word' id='word_1_46' title='bbox 948 532 1115 576; x_wconf 86' lang='lat' dir='ltr'>labores,</span> <span class='ocrx_word' id='word_1_47' title='bbox 1262 535 1339 567; x_wconf 66' lang='lat'>340</span> 
     </span>
     <span class='ocr_line' id='line_1_10' title="bbox 164 583 1118 632; baseline 0.002 -14"><span class='ocrx_word' id='word_1_48' title='bbox 164 583 326 632; x_wconf 86' lang='lat' dir='ltr'>Clioque</span> <span class='ocrx_word' id='word_1_49' title='bbox 346 589 388 621; x_wconf 90' lang='lat' dir='ltr'>et</span> <span class='ocrx_word' id='word_1_50' title='bbox 407 584 532 621; x_wconf 88' lang='lat' dir='ltr'>Beroe</span> <span class='ocrx_word' id='word_1_51' title='bbox 552 597 670 629; x_wconf 83' lang='lat' dir='ltr'>soror,</span> <span class='ocrx_word' id='word_1_52' title='bbox 690 585 948 621; x_wconf 79' lang='lat' dir='ltr'>Oceanitides</span> <span class='ocrx_word' id='word_1_53' title='bbox 965 586 1118 627; x_wconf 83' lang='lat' dir='ltr'>ambae,</span> 
     </span>
    </p>

    <p class='ocr_par' dir='ltr' id='par_1_5' title="bbox 163 637 1142 687">
     <span class='ocr_line' id='line_1_11' title="bbox 163 637 1142 687; baseline 0.002 -16"><span class='ocrx_word' id='word_1_54' title='bbox 163 637 302 673; x_wconf 86' lang='lat' dir='ltr'>ambae</span> <span class='ocrx_word' id='word_1_55' title='bbox 322 650 429 683; x_wconf 82' lang='lat' dir='ltr'>auro,</span> <span class='ocrx_word' id='word_1_56' title='bbox 449 641 565 686; x_wconf 80' lang='lat' dir='ltr'>pictis</span> <span class='ocrx_word' id='word_1_57' title='bbox 583 641 781 674; x_wconf 75' lang='lat' dir='ltr'>incinctae</span> <span class='ocrx_word' id='word_1_58' title='bbox 801 638 971 687; x_wconf 87' lang='lat' dir='ltr'>pellibus</span> <span class='ocrx_word' id='word_1_59' title='bbox 990 639 1142 682; x_wconf 65' lang='lat' dir='ltr'>ambae,</span> 
     </span>
    </p>

    <p class='ocr_par' dir='ltr' id='par_1_6' title="bbox 164 690 1097 740">
     <span class='ocr_line' id='line_1_12' title="bbox 164 690 1097 740; baseline 0.002 -15"><span class='ocrx_word' id='word_1_60' title='bbox 164 695 284 739; x_wconf 87' lang='lat' dir='ltr'>atque</span> <span class='ocrx_word' id='word_1_61' title='bbox 305 690 465 740; x_wconf 85' lang='lat' dir='ltr'>Ephyre</span> <span class='ocrx_word' id='word_1_62' title='bbox 485 697 604 740; x_wconf 85' lang='lat' dir='ltr'>atque</span> <span class='ocrx_word' id='word_1_63' title='bbox 625 691 723 740; x_wconf 88' lang='lat' dir='ltr'>Opis</span> <span class='ocrx_word' id='word_1_64' title='bbox 743 697 784 727; x_wconf 88' lang='lat' dir='ltr'>et</span> <span class='ocrx_word' id='word_1_65' title='bbox 805 693 897 727; x_wconf 84' lang='lat' dir='ltr'>Asia</span> <span class='ocrx_word' id='word_1_66' title='bbox 920 692 1097 739; x_wconf 49' lang='lat' dir='ltr'>Deiopea</span> 
     </span>
    </p>

    <p class='ocr_par' dir='ltr' id='par_1_7' title="bbox 165 743 1084 793">
     <span class='ocr_line' id='line_1_13' title="bbox 165 743 1084 793; baseline 0.001 -14"><span class='ocrx_word' id='word_1_67' title='bbox 165 749 206 779; x_wconf 88' lang='lat' dir='ltr'>et</span> <span class='ocrx_word' id='word_1_68' title='bbox 226 743 390 780; x_wconf 84' lang='lat' dir='ltr'>tandem</span> <span class='ocrx_word' id='word_1_69' title='bbox 411 747 549 793; x_wconf 83' lang='lat' dir='ltr'>positis</span> <span class='ocrx_word' id='word_1_70' title='bbox 568 744 682 780; x_wconf 82' lang='lat' dir='ltr'>velox</span> <span class='ocrx_word' id='word_1_71' title='bbox 703 744 902 781; x_wconf 80' lang='lat' dir='ltr'>Arethusa</span> <span class='ocrx_word' id='word_1_72' title='bbox 921 747 1084 793; x_wconf 74' lang='lat' dir='ltr'>sagittis.</span> 
     </span>
    </p>

    <p class='ocr_par' dir='ltr' id='par_1_8' title="bbox 164 797 1339 952">
     <span class='ocr_line' id='line_1_14' title="bbox 164 797 1339 846; baseline 0.001 -15"><span class='ocrx_word' id='word_1_73' title='bbox 164 799 268 833; x_wconf 80' lang='lat' dir='ltr'>inter</span> <span class='ocrx_word' id='word_1_74' title='bbox 287 810 381 846; x_wconf 90' lang='lat' dir='ltr'>quas</span> <span class='ocrx_word' id='word_1_75' title='bbox 401 810 533 834; x_wconf 89' lang='lat' dir='ltr'>curam</span> <span class='ocrx_word' id='word_1_76' title='bbox 557 797 747 846; x_wconf 78' lang='lat' dir='ltr'>Clymene</span> <span class='ocrx_word' id='word_1_77' title='bbox 767 799 950 834; x_wconf 83' lang='lat' dir='ltr'>narrabat</span> <span class='ocrx_word' id='word_1_78' title='bbox 969 802 1128 834; x_wconf 86' lang='lat' dir='ltr'>inanem</span> <span class='ocrx_word' id='word_1_79' title='bbox 1233 808 1339 832; x_wconf 67' lang='lat' dir='ltr'>curu</span> 
     </span>
     <span class='ocr_line' id='line_1_15' title="bbox 166 848 1339 900; baseline 0.001 -16"><span class='ocrx_word' id='word_1_80' title='bbox 166 850 329 886; x_wconf 86' lang='lat' dir='ltr'>Volcani</span> <span class='ocrx_word' id='word_1_81' title='bbox 351 851 568 900; x_wconf 81' lang='lat' dir='ltr'>Martisque</span> <span class='ocrx_word' id='word_1_82' title='bbox 589 851 700 887; x_wconf 81' lang='lat' dir='ltr'>dolos</span> <span class='ocrx_word' id='word_1_83' title='bbox 721 856 762 887; x_wconf 91' lang='lat' dir='ltr'>et</span> <span class='ocrx_word' id='word_1_84' title='bbox 782 851 912 887; x_wconf 88' lang='lat' dir='ltr'>dulcia</span> <span class='ocrx_word' id='word_1_85' title='bbox 932 851 1048 895; x_wconf 82' lang='lat' dir='ltr'>furta,</span> <span class='ocrx_word' id='word_1_86' title='bbox 1265 848 1339 886; x_wconf 74' lang='lat'>346</span> 
     </span>
     <span class='ocr_line' id='line_1_16' title="bbox 165 903 1144 952; baseline 0.003 -14"><span class='ocrx_word' id='word_1_87' title='bbox 165 916 265 952; x_wconf 81' lang='lat' dir='ltr'>aque</span> <span class='ocrx_word' id='word_1_88' title='bbox 287 903 393 940; x_wconf 81' lang='lat' dir='ltr'>Chao</span> <span class='ocrx_word' id='word_1_89' title='bbox 413 904 557 941; x_wconf 87' lang='lat' dir='ltr'>densos</span> <span class='ocrx_word' id='word_1_90' title='bbox 576 904 709 940; x_wconf 84' lang='lat' dir='ltr'>divom</span> <span class='ocrx_word' id='word_1_91' title='bbox 729 905 964 940; x_wconf 85' lang='lat' dir='ltr'>numerabat</span> <span class='ocrx_word' id='word_1_92' title='bbox 982 917 1144 941; x_wconf 90' lang='lat' dir='ltr'>amores.</span> 
     </span>
    </p>

    <p class='ocr_par' dir='ltr' id='par_1_9' title="bbox 165 957 1124 1060">
     <span class='ocr_line' id='line_1_17' title="bbox 165 957 1124 1006; baseline 0.002 -14"><span class='ocrx_word' id='word_1_93' title='bbox 165 959 337 993; x_wconf 81' lang='lat' dir='ltr'>carmine</span> <span class='ocrx_word' id='word_1_94' title='bbox 358 970 434 1006; x_wconf 89' lang='lat' dir='ltr'>quo</span> <span class='ocrx_word' id='word_1_95' title='bbox 454 963 594 1006; x_wconf 83' lang='lat' dir='ltr'>captae</span> <span class='ocrx_word' id='word_1_96' title='bbox 616 957 711 993; x_wconf 88' lang='lat' dir='ltr'>dum</span> <span class='ocrx_word' id='word_1_97' title='bbox 733 957 828 993; x_wconf 85' lang='lat' dir='ltr'>fusis</span> <span class='ocrx_word' id='word_1_98' title='bbox 847 958 982 993; x_wconf 88' lang='lat' dir='ltr'>mollia</span> <span class='ocrx_word' id='word_1_99' title='bbox 1002 970 1124 1006; x_wconf 77' lang='lat' dir='ltr'>pensa</span> 
     </span>
     <span class='ocr_line' id='line_1_18' title="bbox 165 1010 1085 1060; baseline 0.002 -15"><span class='ocrx_word' id='word_1_100' title='bbox 165 1010 396 1054; x_wconf 78' lang='lat' dir='ltr'>devolvunt,</span> <span class='ocrx_word' id='word_1_101' title='bbox 416 1014 563 1047; x_wconf 88' lang='lat' dir='ltr'>iterum</span> <span class='ocrx_word' id='word_1_102' title='bbox 587 1015 784 1046; x_wconf 85' lang='lat' dir='ltr'>maternas</span> <span class='ocrx_word' id='word_1_103' title='bbox 804 1011 963 1060; x_wconf 78' lang='lat' dir='ltr'>impulit</span> <span class='ocrx_word' id='word_1_104' title='bbox 982 1014 1085 1047; x_wconf 86' lang='lat' dir='ltr'>auris</span> 
     </span>
    </p>

    <p class='ocr_par' dir='ltr' id='par_1_10' title="bbox 165 1063 1340 1219">
     <span class='ocr_line' id='line_1_19' title="bbox 165 1063 1340 1113; baseline 0.002 -15"><span class='ocrx_word' id='word_1_105' title='bbox 165 1063 294 1099; x_wconf 91' lang='lat' dir='ltr'>luctus</span> <span class='ocrx_word' id='word_1_106' title='bbox 315 1064 500 1107; x_wconf 80' lang='lat' dir='ltr'>Aristaei,</span> <span class='ocrx_word' id='word_1_107' title='bbox 523 1066 736 1113; x_wconf 88' lang='lat' dir='ltr'>vitreisque</span> <span class='ocrx_word' id='word_1_108' title='bbox 757 1064 945 1100; x_wconf 86' lang='lat' dir='ltr'>sedilibus</span> <span class='ocrx_word' id='word_1_109' title='bbox 966 1076 1102 1101; x_wconf 89' lang='lat' dir='ltr'>omues</span> <span class='ocrx_word' id='word_1_110' title='bbox 1265 1068 1340 1100; x_wconf 75' lang='lat'>350</span> 
     </span>
     <span class='ocr_line' id='line_1_20' title="bbox 166 1117 1137 1165; baseline 0.001 -13"><span class='ocrx_word' id='word_1_111' title='bbox 166 1117 395 1165; x_wconf 82' lang='lat' dir='ltr'>obstipuere</span> <span class='ocrx_word' id='word_1_112' title='bbox 413 1130 422 1161; x_wconf 94' lang='lat'>;</span> <span class='ocrx_word' id='word_1_113' title='bbox 450 1117 521 1154; x_wconf 89' lang='lat' dir='ltr'>sed</span> <span class='ocrx_word' id='word_1_114' title='bbox 539 1122 634 1153; x_wconf 88' lang='lat' dir='ltr'>ante</span> <span class='ocrx_word' id='word_1_115' title='bbox 653 1118 748 1153; x_wconf 86' lang='lat' dir='ltr'>alias</span> <span class='ocrx_word' id='word_1_116' title='bbox 769 1117 969 1154; x_wconf 83' lang='lat' dir='ltr'>Arethusa</span> <span class='ocrx_word' id='word_1_117' title='bbox 987 1130 1137 1153; x_wconf 75' lang='lat' dir='ltr'>sorores</span> 
     </span>
     <span class='ocr_line' id='line_1_21' title="bbox 166 1170 1182 1219; baseline -0.001 -13"><span class='ocrx_word' id='word_1_118' title='bbox 166 1173 408 1218; x_wconf 84' lang='lat' dir='ltr'>prospiciens</span> <span class='ocrx_word' id='word_1_119' title='bbox 428 1183 580 1207; x_wconf 88' lang='lat' dir='ltr'>summa</span> <span class='ocrx_word' id='word_1_120' title='bbox 598 1170 740 1206; x_wconf 85' lang='lat' dir='ltr'>flavum</span> <span class='ocrx_word' id='word_1_121' title='bbox 761 1175 880 1219; x_wconf 87' lang='lat' dir='ltr'>caput</span> <span class='ocrx_word' id='word_1_122' title='bbox 900 1170 1044 1206; x_wconf 88' lang='lat' dir='ltr'>extulit</span> <span class='ocrx_word' id='word_1_123' title='bbox 1065 1171 1182 1215; x_wconf 82' lang='lat' dir='ltr'>unda,</span> 
     </span>
    </p>

    <p class='ocr_par' dir='ltr' id='par_1_11' title="bbox 167 1223 1278 1326">
     <span class='ocr_line' id='line_1_22' title="bbox 167 1223 1278 1273; baseline 0.001 -14"><span class='ocrx_word' id='word_1_124' title='bbox 167 1229 209 1259; x_wconf 89' lang='lat' dir='ltr'>et</span> <span class='ocrx_word' id='word_1_125' title='bbox 228 1223 365 1272; x_wconf 87' lang='lat' dir='ltr'>procul</span> <span class='ocrx_word' id='word_1_126' title='bbox 382 1238 390 1260; x_wconf 72' lang='grc' dir='ltr'><strong><em>ε</em></strong></span> <span class='ocrx_word' id='word_1_127' title='bbox 425 1227 449 1244; x_wconf 83' lang='lat'><em>“</em></span> <span class='ocrx_word' id='word_1_128' title='bbox 464 1238 486 1260; x_wconf 93' lang='lat' dir='ltr'>o</span> <span class='ocrx_word' id='word_1_129' title='bbox 506 1226 660 1273; x_wconf 77' lang='lat' dir='ltr'>gemitu</span> <span class='ocrx_word' id='word_1_130' title='bbox 681 1237 760 1260; x_wconf 91' lang='lat' dir='ltr'>non</span> <span class='ocrx_word' id='word_1_131' title='bbox 779 1223 924 1260; x_wconf 86' lang='lat' dir='ltr'>frustra</span> <span class='ocrx_word' id='word_1_132' title='bbox 943 1226 1131 1260; x_wconf 80' lang='lat' dir='ltr'>exterrita</span> <span class='ocrx_word' id='word_1_133' title='bbox 1152 1228 1278 1268; x_wconf 82' lang='lat' dir='ltr'>tanto,</span> 
     </span>
     <span class='ocr_line' id='line_1_23' title="bbox 168 1276 1069 1326; baseline 0.001 -14"><span class='ocrx_word' id='word_1_134' title='bbox 168 1276 321 1325; x_wconf 80' lang='lat' dir='ltr'>Cyrene</span> <span class='ocrx_word' id='word_1_135' title='bbox 342 1290 460 1322; x_wconf 84' lang='lat' dir='ltr'>soror,</span> <span class='ocrx_word' id='word_1_136' title='bbox 476 1280 560 1326; x_wconf 90' lang='lat' dir='ltr'>ipse</span> <span class='ocrx_word' id='word_1_137' title='bbox 580 1277 668 1322; x_wconf 86' lang='lat' dir='ltr'>tibi,</span> <span class='ocrx_word' id='word_1_138' title='bbox 687 1282 754 1312; x_wconf 84' lang='lat' dir='ltr'>tua</span> <span class='ocrx_word' id='word_1_139' title='bbox 773 1280 945 1313; x_wconf 84' lang='lat' dir='ltr'>maxima</span> <span class='ocrx_word' id='word_1_140' title='bbox 963 1289 1069 1322; x_wconf 87' lang='lat' dir='ltr'>cura,</span> 
     </span>
    </p>

    <p class='ocr_par' dir='ltr' id='par_1_12' title="bbox 166 1330 1340 1428">
     <span class='ocr_line' id='line_1_24' title="bbox 166 1330 1340 1379; baseline 0 -13"><span class='ocrx_word' id='word_1_141' title='bbox 166 1333 288 1366; x_wconf 86' lang='lat' dir='ltr'>tristis</span> <span class='ocrx_word' id='word_1_142' title='bbox 308 1330 511 1366; x_wconf 81' lang='lat' dir='ltr'>Aristaeus</span> <span class='ocrx_word' id='word_1_143' title='bbox 533 1330 654 1367; x_wconf 92' lang='lat' dir='ltr'>Penei</span> <span class='ocrx_word' id='word_1_144' title='bbox 673 1333 867 1379; x_wconf 81' lang='lat' dir='ltr'>genitoris</span> <span class='ocrx_word' id='word_1_145' title='bbox 885 1330 935 1366; x_wconf 90' lang='lat' dir='ltr'>ad</span> <span class='ocrx_word' id='word_1_146' title='bbox 955 1330 1102 1366; x_wconf 88' lang='lat' dir='ltr'>undam</span> <span class='ocrx_word' id='word_1_147' title='bbox 1266 1335 1340 1366; x_wconf 76' lang='lat'>3:35</span> 
     </span>
     <span class='ocr_line' id='line_1_25' title="bbox 168 1383 1164 1428; baseline 0.001 -9"><span class='ocrx_word' id='word_1_148' title='bbox 168 1389 246 1419; x_wconf 89' lang='lat' dir='ltr'>stat</span> <span class='ocrx_word' id='word_1_149' title='bbox 266 1384 483 1428; x_wconf 79' lang='lat' dir='ltr'>lacrimans,</span> <span class='ocrx_word' id='word_1_150' title='bbox 506 1389 547 1420; x_wconf 89' lang='lat' dir='ltr'>et</span> <span class='ocrx_word' id='word_1_151' title='bbox 561 1389 603 1421; x_wconf 90' lang='lat' dir='ltr'>te</span> <span class='ocrx_word' id='word_1_152' title='bbox 623 1384 826 1420; x_wconf 87' lang='lat' dir='ltr'>crudelem</span> <span class='ocrx_word' id='word_1_153' title='bbox 846 1386 1007 1420; x_wconf 87' lang='lat' dir='ltr'>nomine</span> <span class='ocrx_word' id='word_1_154' title='bbox 1027 1383 1164 1420; x_wconf 86' lang='lat' dir='ltr'>dicit.’&#39;</span> 
     </span>
    </p>

    <p class='ocr_par' dir='ltr' id='par_1_13' title="bbox 168 1436 1156 1486">
     <span class='ocr_line' id='line_1_26' title="bbox 168 1436 1156 1486; baseline 0 -14"><span class='ocrx_word' id='word_1_155' title='bbox 168 1437 258 1472; x_wconf 89' lang='lat' dir='ltr'>huic</span> <span class='ocrx_word' id='word_1_156' title='bbox 279 1450 462 1486; x_wconf 58' lang='lat' dir='ltr'>percussa</span> <span class='ocrx_word' id='word_1_157' title='bbox 482 1450 581 1473; x_wconf 88' lang='lat' dir='ltr'>nova</span> <span class='ocrx_word' id='word_1_158' title='bbox 599 1443 777 1473; x_wconf 81' lang='lat' dir='ltr'>mentem</span> <span class='ocrx_word' id='word_1_159' title='bbox 796 1436 1008 1473; x_wconf 81' lang='lat' dir='ltr'>formidine</span> <span class='ocrx_word' id='word_1_160' title='bbox 1029 1442 1156 1473; x_wconf 85' lang='lat' dir='ltr'>mater</span> 
     </span>
    </p>

    <p class='ocr_par' dir='ltr' id='par_1_14' title="bbox 168 1490 1153 1538">
     <span class='ocr_line' id='line_1_27' title="bbox 168 1490 1153 1538; baseline -0.001 -12"><span class='ocrx_word' id='word_1_161' title='bbox 168 1490 293 1535; x_wconf 77' lang='lat' dir='ltr'>“duc,</span> <span class='ocrx_word' id='word_1_162' title='bbox 313 1504 400 1538; x_wconf 75' lang='lat' dir='ltr'>age,</span> <span class='ocrx_word' id='word_1_163' title='bbox 421 1490 497 1526; x_wconf 92' lang='lat' dir='ltr'>duc</span> <span class='ocrx_word' id='word_1_164' title='bbox 517 1491 565 1526; x_wconf 91' lang='lat' dir='ltr'>ad</span> <span class='ocrx_word' id='word_1_165' title='bbox 588 1503 681 1533; x_wconf 88' lang='lat' dir='ltr'>nos;</span> <span class='ocrx_word' id='word_1_166' title='bbox 710 1490 768 1526; x_wconf 79' lang='lat' dir='ltr'>fas</span> <span class='ocrx_word' id='word_1_167' title='bbox 789 1490 844 1526; x_wconf 88' lang='lat' dir='ltr'>illi</span> <span class='ocrx_word' id='word_1_168' title='bbox 864 1491 1000 1526; x_wconf 86' lang='lat' dir='ltr'>limina</span> <span class='ocrx_word' id='word_1_169' title='bbox 1020 1490 1153 1526; x_wconf 87' lang='lat' dir='ltr'>divum</span> 
     </span>
    </p>

    <p class='ocr_par' dir='ltr' id='par_1_15' title="bbox 167 1543 1342 1752">
     <span class='ocr_line' id='line_1_28' title="bbox 167 1543 1171 1592; baseline 0 -13"><span class='ocrx_word' id='word_1_170' title='bbox 167 1549 333 1592; x_wconf 84' lang='lat' dir='ltr'>tangere</span> <span class='ocrx_word' id='word_1_171' title='bbox 349 1543 370 1555; x_wconf 89' lang='lat'>&#39;&#39;</span> <span class='ocrx_word' id='word_1_172' title='bbox 392 1546 447 1580; x_wconf 88' lang='lat' dir='ltr'>ait</span> <span class='ocrx_word' id='word_1_173' title='bbox 464 1557 472 1580; x_wconf 73' lang='grc' dir='ltr'>ε</span> <span class='ocrx_word' id='word_1_174' title='bbox 502 1543 617 1580; x_wconf 88' lang='lat' dir='ltr'>simul</span> <span class='ocrx_word' id='word_1_175' title='bbox 637 1544 716 1579; x_wconf 83' lang='lat' dir='ltr'>alta</span> <span class='ocrx_word' id='word_1_176' title='bbox 737 1544 848 1580; x_wconf 90' lang='lat' dir='ltr'>iubet</span> <span class='ocrx_word' id='word_1_177' title='bbox 867 1544 1071 1580; x_wconf 85' lang='lat' dir='ltr'>discedere</span> <span class='ocrx_word' id='word_1_178' title='bbox 1090 1543 1171 1580; x_wconf 88' lang='lat' dir='ltr'>late</span> 
     </span>
     <span class='ocr_line' id='line_1_29' title="bbox 168 1594 1342 1646; baseline 0.001 -14"><span class='ocrx_word' id='word_1_179' title='bbox 168 1596 340 1642; x_wconf 77' lang='lat' dir='ltr'>flumina,</span> <span class='ocrx_word' id='word_1_180' title='bbox 361 1610 437 1646; x_wconf 88' lang='lat' dir='ltr'>qua</span> <span class='ocrx_word' id='word_1_181' title='bbox 456 1599 608 1633; x_wconf 90' lang='lat' dir='ltr'>iuvenis</span> <span class='ocrx_word' id='word_1_182' title='bbox 628 1610 784 1645; x_wconf 83' lang='lat' dir='ltr'>gressus</span> <span class='ocrx_word' id='word_1_183' title='bbox 803 1596 978 1633; x_wconf 83' lang='lat' dir='ltr'>inferret.</span> <span class='ocrx_word' id='word_1_184' title='bbox 1020 1602 1061 1632; x_wconf 87' lang='lat' dir='ltr'>at</span> <span class='ocrx_word' id='word_1_185' title='bbox 1080 1596 1191 1633; x_wconf 89' lang='lat' dir='ltr'>illum</span> <span class='ocrx_word' id='word_1_186' title='bbox 1266 1594 1342 1633; x_wconf 79' lang='lat'>360</span> 
     </span>
     <span class='ocr_line' id='line_1_30' title="bbox 169 1649 1138 1695; baseline -0.001 -9"><span class='ocrx_word' id='word_1_187' title='bbox 169 1656 327 1686; x_wconf 79' lang='lat' dir='ltr'>curvata</span> <span class='ocrx_word' id='word_1_188' title='bbox 347 1654 387 1686; x_wconf 89' lang='lat' dir='ltr'>in</span> <span class='ocrx_word' id='word_1_189' title='bbox 408 1653 554 1686; x_wconf 84' lang='lat' dir='ltr'>montis</span> <span class='ocrx_word' id='word_1_190' title='bbox 574 1650 717 1686; x_wconf 88' lang='lat' dir='ltr'>faciem</span> <span class='ocrx_word' id='word_1_191' title='bbox 736 1653 1001 1687; x_wconf 83' lang='lat' dir='ltr'>circumstetit</span> <span class='ocrx_word' id='word_1_192' title='bbox 1021 1649 1138 1695; x_wconf 87' lang='lat' dir='ltr'>unda,</span> 
     </span>
     <span class='ocr_line' id='line_1_31' title="bbox 168 1704 1120 1752; baseline 0 -14"><span class='ocrx_word' id='word_1_193' title='bbox 168 1706 400 1752; x_wconf 89' lang='lat' dir='ltr'>accepitque</span> <span class='ocrx_word' id='word_1_194' title='bbox 421 1706 507 1739; x_wconf 88' lang='lat' dir='ltr'>sinu</span> <span class='ocrx_word' id='word_1_195' title='bbox 529 1708 637 1739; x_wconf 88' lang='lat' dir='ltr'>vasto</span> <span class='ocrx_word' id='word_1_196' title='bbox 657 1706 842 1752; x_wconf 87' lang='lat' dir='ltr'>misitque</span> <span class='ocrx_word' id='word_1_197' title='bbox 861 1704 934 1739; x_wconf 90' lang='lat' dir='ltr'>sub</span> <span class='ocrx_word' id='word_1_198' title='bbox 952 1716 1120 1739; x_wconf 79' lang='lat' dir='ltr'>amnem.</span> 
     </span>
    </p>

    <p class='ocr_par' dir='ltr' id='par_1_16' title="bbox 169 1756 1255 1859">
     <span class='ocr_line' id='line_1_32' title="bbox 169 1756 1255 1805; baseline 0.002 -14"><span class='ocrx_word' id='word_1_199' title='bbox 169 1760 322 1805; x_wconf 75' lang='lat' dir='ltr'>iamque</span> <span class='ocrx_word' id='word_1_200' title='bbox 343 1757 502 1792; x_wconf 87' lang='lat' dir='ltr'>domum</span> <span class='ocrx_word' id='word_1_201' title='bbox 521 1758 667 1792; x_wconf 89' lang='lat' dir='ltr'>mirans</span> <span class='ocrx_word' id='word_1_202' title='bbox 686 1759 900 1805; x_wconf 85' lang='lat' dir='ltr'>genetricis</span> <span class='ocrx_word' id='word_1_203' title='bbox 921 1761 962 1792; x_wconf 88' lang='lat' dir='ltr'>et</span> <span class='ocrx_word' id='word_1_204' title='bbox 981 1756 1114 1792; x_wconf 79' lang='lat' dir='ltr'>umida</span> <span class='ocrx_word' id='word_1_205' title='bbox 1134 1769 1255 1805; x_wconf 85' lang='lat' dir='ltr'>regna</span> 
     </span>
     <span class='ocr_line' id='line_1_33' title="bbox 169 1809 1142 1859; baseline 0 -14"><span class='ocrx_word' id='word_1_206' title='bbox 169 1810 446 1858; x_wconf 88' lang='lat' dir='ltr'>speluncisque</span> <span class='ocrx_word' id='word_1_207' title='bbox 466 1809 572 1846; x_wconf 90' lang='lat' dir='ltr'>lacus</span> <span class='ocrx_word' id='word_1_208' title='bbox 592 1809 742 1846; x_wconf 89' lang='lat' dir='ltr'>clausos</span> <span class='ocrx_word' id='word_1_209' title='bbox 761 1809 948 1859; x_wconf 92' lang='lat' dir='ltr'>lucosque</span> <span class='ocrx_word' id='word_1_210' title='bbox 967 1813 1142 1846; x_wconf 84' lang='lat' dir='ltr'>sonantis</span> 
     </span>
    </p>
   </div>
   <div class='ocr_carea' id='block_1_3' title="bbox 211 1871 1337 1997">
    <p class='ocr_par' dir='ltr' id='par_1_17' title="bbox 211 1871 1337 1997">
     <span class='ocr_line' id='line_1_34' title="bbox 211 1871 1337 1912; baseline 0 -9"><span class='ocrx_word' id='word_1_211' title='bbox 211 1871 255 1890; x_wconf 75' lang='lat'>³³⁸</span> <span class='ocrx_word' id='word_1_212' title='bbox 278 1873 407 1903; x_wconf 75' lang='lat' dir='ltr'>omitted</span> <span class='ocrx_word' id='word_1_213' title='bbox 426 1871 532 1903; x_wconf 71' lang='lat' dir='ltr'><em>JIPR.</em></span> <span class='ocrx_word' id='word_1_214' title='bbox 642 1872 686 1890; x_wconf 68' lang='lat'>³³⁹</span> <span class='ocrx_word' id='word_1_215' title='bbox 712 1873 864 1912; x_wconf 78' lang='lat' dir='ltr'>Cydippe</span> <span class='ocrx_word' id='word_1_216' title='bbox 880 1878 910 1903; x_wconf 84' lang='lat' dir='ltr'>et</span> <span class='ocrx_word' id='word_1_217' title='bbox 929 1871 1006 1903; x_wconf 85' lang='lat' dir='ltr'>MP.</span> <span class='ocrx_word' id='word_1_218' title='bbox 1097 1872 1142 1891; x_wconf 71' lang='lat'>³⁴⁶</span> <span class='ocrx_word' id='word_1_219' title='bbox 1166 1873 1283 1904; x_wconf 84' lang='lat' dir='ltr'>matris</span> <span class='ocrx_word' id='word_1_220' title='bbox 1298 1874 1337 1904; x_wconf 88' lang='lat' dir='ltr'>P.</span> 
     </span>
     <span class='ocr_line' id='line_1_35' title="bbox 211 1915 1329 1952; baseline 0 -6"><span class='ocrx_word' id='word_1_221' title='bbox 211 1915 254 1933; x_wconf 67' lang='lat'>³4⁷</span> <span class='ocrx_word' id='word_1_222' title='bbox 277 1919 379 1952; x_wconf 75' lang='lat' dir='ltr'>atque</span> <span class='ocrx_word' id='word_1_223' title='bbox 396 1915 484 1945; x_wconf 76' lang='lat' dir='ltr'>MR:</span> <span class='ocrx_word' id='word_1_224' title='bbox 509 1916 618 1952; x_wconf 82' lang='lat' dir='ltr'>adque</span> <span class='ocrx_word' id='word_1_225' title='bbox 637 1915 673 1947; x_wconf 79' lang='lat' dir='ltr'>G.</span> <span class='ocrx_word' id='word_1_226' title='bbox 769 1915 813 1933; x_wconf 73' lang='lat'>³⁴⁸</span> <span class='ocrx_word' id='word_1_227' title='bbox 829 1916 915 1945; x_wconf 77' lang='lat' dir='ltr'>fusis</span> <span class='ocrx_word' id='word_1_228' title='bbox 932 1916 1013 1946; x_wconf 80' lang='lat' dir='ltr'>dum</span> <span class='ocrx_word' id='word_1_229' title='bbox 1029 1916 1087 1947; x_wconf 88' lang='lat' dir='ltr'>M:</span> <span class='ocrx_word' id='word_1_230' title='bbox 1110 1915 1189 1946; x_wconf 88' lang='lat' dir='ltr'>dum</span> <span class='ocrx_word' id='word_1_231' title='bbox 1207 1917 1274 1946; x_wconf 79' lang='lat' dir='ltr'>fusi</span> <span class='ocrx_word' id='word_1_232' title='bbox 1293 1916 1329 1947; x_wconf 77' lang='lat' dir='ltr'>G.</span> 
     </span>
     <span class='ocr_line' id='line_1_36' title="bbox 212 1957 1004 1997; baseline 0 -9"><span class='ocrx_word' id='word_1_233' title='bbox 212 1957 256 1976; x_wconf 84' lang='lat'>³⁵⁰</span> <span class='ocrx_word' id='word_1_234' title='bbox 280 1968 395 1988; x_wconf 80' lang='lat' dir='ltr'>amnes</span> <span class='ocrx_word' id='word_1_235' title='bbox 413 1958 474 1989; x_wconf 69' lang='lat' dir='ltr'>Ml.</span> <span class='ocrx_word' id='word_1_236' title='bbox 771 1957 815 1976; x_wconf 71' lang='lat'>³⁶⁰</span> <span class='ocrx_word' id='word_1_237' title='bbox 837 1959 888 1997; x_wconf 82' lang='lat' dir='ltr'>at]</span> <span class='ocrx_word' id='word_1_238' title='bbox 905 1958 947 1988; x_wconf 82' lang='lat' dir='ltr'>ad</span> <span class='ocrx_word' id='word_1_239' title='bbox 966 1958 1004 1988; x_wconf 77' lang='lat' dir='ltr'>G.</span> 
     </span>
    </p>
   </div>
   <div class='ocr_carea' id='block_1_4' title="bbox 172 2000 1146 2091">
    <p class='ocr_par' dir='ltr' id='par_1_18' title="bbox 172 2000 1146 2091">
     <span class='ocr_line' id='line_1_37' title="bbox 213 2000 1146 2041; baseline -0.002 -9"><span class='ocrx_word' id='word_1_240' title='bbox 213 2000 255 2018; x_wconf 70' lang='lat'>³⁶¹</span> <span class='ocrx_word' id='word_1_241' title='bbox 280 2001 427 2041; x_wconf 85' lang='lat' dir='ltr'>speciem</span> <span class='ocrx_word' id='word_1_242' title='bbox 442 2001 491 2031; x_wconf 86' lang='lat' dir='ltr'>M.</span> <span class='ocrx_word' id='word_1_243' title='bbox 542 2000 764 2032; x_wconf 79' lang='lat' dir='ltr'>clroumstitit</span> <span class='ocrx_word' id='word_1_244' title='bbox 785 2001 837 2032; x_wconf 78' lang='lat'>6¹:</span> <span class='ocrx_word' id='word_1_245' title='bbox 859 2000 1090 2039; x_wconf 79' lang='lat' dir='ltr'>circumspicit</span> <span class='ocrx_word' id='word_1_246' title='bbox 1108 2001 1146 2033; x_wconf 84' lang='lat' dir='ltr'>P.</span> 
     </span>
     <span class='ocr_line' id='line_1_38' title="bbox 172 2059 247 2091; baseline 0 0"><span class='ocrx_word' id='word_1_247' title='bbox 172 2059 247 2091; x_wconf 73' lang='lat'>220</span> 
     </span>
    </p>
   </div>
  </div>
 </body>
</html>
