1430 2335
668 90 856 127 VIRGIL

175 166 422 215 Cocytusque
442 168 530 202 sinu
550 165 687 203 labens
707 167 967 203 circumvenit
985 170 1083 202 atro.

174 219 279 267 quod
300 221 331 255 si
351 224 484 256 tantus
503 233 612 256 amor
631 223 771 265 menti,
791 222 822 255 si
841 223 954 255 tanta
974 219 1118 268 cupido
1139 223 1200 255 est

174 272 233 308 bis
253 272 412 321 Stygios
430 276 567 310 innare
586 274 706 319 lacus,
725 274 783 309 bis
801 275 913 322 nigra
932 272 1067 310 videre

174 325 348 371 Tartara,
369 331 411 362 et
429 329 565 363 insano
585 329 693 363 iuvat
711 327 920 375 indulgere
941 326 1078 371 labori,
1277 329 1348 362 135

174 381 310 427 accipe
330 392 430 429 quae
451 380 680 430 peragenda
698 382 816 429 prius.
874 379 975 416 latet
996 379 1134 415 arbore
1154 391 1274 428 opaca

174 446 314 469 aureus
335 438 377 470 et
396 433 498 470 soliis
518 439 560 470 et
578 433 688 470 lento
707 436 853 470 vimine
873 446 1014 478 ramus,

176 486 319 522 Iunoni
337 486 516 524 infernae
536 487 665 524 dictus
685 500 815 532 sacer3
843 486 949 524 hunc
969 488 1072 535 tegit
1091 488 1220 522 omnis

175 540 286 576 lucus
306 545 348 577 et
366 540 540 577 obscuris
560 541 752 577 claudunt
771 540 1012 577 convallibus
1030 540 1204 576 umbrae.

176 594 246 630 sed
267 607 347 629 non
367 599 461 630 ante
482 594 599 630 datur
619 594 773 631 telluris
793 599 932 643 operta
951 594 1095 638 subire,
1279 597 1351 629 140

175 650 392 683 auricomos
410 661 528 697 quam
548 650 614 697 qui
633 648 878 697 decerpserit
896 648 1034 684 arbore
1054 647 1169 683 fetus.

177 700 250 737 hoc
271 702 343 737 sibi
363 701 527 750 pulchra
545 715 659 738 suum
679 701 772 737 ferri
795 702 1026 750 Proserpina
1043 713 1184 737 munus

176 757 373 799 instituit3
402 758 526 804 primo
546 755 678 791 avolso
698 769 777 791 non
797 755 932 791 deficit
950 754 1052 791 alter

175 821 327 852 aureus,
349 813 391 845 et
410 808 528 844 simili
547 809 767 845 frondescit
785 811 894 857 virga
912 807 1085 846 metallo.

177 875 271 910 ergo
290 861 371 898 alte
392 865 544 911 vestiga
563 862 685 899 oculis
706 867 747 898 et
766 865 842 899 rite
862 867 1064 911 repertum
1280 866 1350 899 145

176 928 291 964 carpe
312 928 429 952 manu
445 928 453 960 3
481 929 652 965 namque
671 918 755 965 ipse
776 915 910 952 volens
928 915 1132 965 facilisque
1151 921 1352 965 sequetur,

176 971 207 1005 si
228 974 269 1005 te
290 969 372 1005 fata
392 974 557 1013 vocant;
585 969 700 1006 aliter
720 982 799 1005 non
818 970 964 1006 viribus
983 969 1072 1005 ullis

176 1025 334 1060 vincere
355 1035 428 1059 nec
448 1023 546 1059 duro
565 1026 714 1072 poteris
733 1023 957 1060 convellere
976 1022 1090 1059 ferro.

176 1081 384 1125 praeterea
404 1079 509 1114 iacet
530 1079 756 1113 exanimum
774 1077 848 1113 tibi
868 1089 1007 1126 corpus
1027 1078 1142 1112 amici

179 1129 271 1175 (heu
288 1130 294 1165 ἶ
325 1129 471 1181 neseis)
490 1135 697 1180 totamque
718 1133 889 1167 incestat
909 1130 1047 1167 funere
1067 1129 1243 1176 classem,
1280 1134 1352 1167 150

177 1183 283 1219 dum·
293 1184 473 1220 consulta
492 1186 596 1233 petis
615 1189 828 1233 nostroque
848 1187 889 1220 in
908 1183 1044 1221 limine
1064 1184 1226 1233 pendes.

176 1237 336 1273 sedibus
355 1237 462 1274 hunc
482 1237 587 1274 refer
605 1242 699 1274 ante
721 1241 798 1274 suis
819 1243 860 1274 et
879 1238 1005 1274 conde
1025 1237 1245 1286 sepulchro.

176 1290 254 1326 duc
273 1293 405 1340 nigras
425 1290 622 1340 pecudes3
652 1304 698 1328 ea
718 1293 843 1340 prima
863 1291 1015 1340 piacula
1035 1296 1163 1327 sunto.

177 1346 231 1380 sie
251 1343 413 1380 demum
433 1343 541 1381 lucos
562 1345 697 1393 Stygis
717 1349 758 1381 et
778 1358 902 1393 regna
921 1347 1026 1380 invia
1047 1347 1141 1381 vivis
1164 1369 1168 1375 -

176 1397 381 1446 aspicies.''
438 1397 538 1434 dixit
557 1411 769 1448 pressoque
789 1399 990 1435 obmutuit
1009 1411 1086 1435 ore.
1282 1401 1353 1435 155

230 1450 387 1487 Aeneas
406 1456 558 1488 maesto
578 1451 729 1488 defixus
748 1451 898 1488 lumina
916 1452 1025 1488 voltu

177 1505 412 1553 ingreditur,
431 1505 615 1555 linquens
634 1510 804 1550 antrum,
825 1517 1039 1554 caecosque
1059 1504 1211 1541 volutat

178 1563 344 1595 eventus
363 1561 494 1594 animo
513 1571 659 1595 secum.
717 1561 778 1595 cui
793 1558 892 1595 fidus
911 1558 1087 1595 Achates

175 1613 208 1647 it
228 1624 359 1648 comes
380 1617 421 1648 et
440 1613 598 1661 paribus
619 1614 720 1648 curis
740 1615 907 1661 vestigia
927 1612 1025 1660 figit.

176 1664 302 1701 multa
322 1668 427 1701 inter
445 1679 531 1702 sese
550 1668 658 1702 vario
677 1678 858 1702 sermone
879 1665 1077 1711 serebant,
1282 1663 1355 1701 160

177 1731 293 1766 quem
307 1721 455 1755 socium
469 1722 691 1755 exanimem
704 1724 826 1765 vates,
839 1719 941 1768 quod
957 1731 1098 1768 corpus
1109 1717 1355 1754 humandum

176 1772 338 1809 diceret.
396 1778 516 1822 atque
537 1773 595 1809 illi
618 1773 816 1809 Misenum
837 1775 878 1809 in
899 1773 1013 1809 litore
1033 1774 1149 1817 sicco,

262 1855 308 1874 ¹³³
331 1860 381 1889 est
393 1858 523 1888 omitted
542 1855 635 1890 ΜΠ).
767 1855 813 1875 ¹41
836 1857 912 1895 quis
929 1858 999 1888 Ple.

262 1899 309 1917 ¹4⁴
333 1902 453 1931 similis
470 1902 516 1931 M.
768 1898 813 1917 ¹⁴⁷
839 1899 924 1942 non]
942 1910 1004 1931 nec
1019 1901 1058 1932 R.

262 1941 309 1961 ¹⁵¹
332 1945 482 1981 pendens
497 1945 535 1975 J1’.
763 1941 808 1961 ¹5⁴
834 1942 963 1982 Stygiis
977 1942 1081 1974 Mlle:
1107 1944 1242 1984 Stygios
1257 1943 1315 1977 1⁷²,

262 1984 308 2005 ¹⁵⁰
333 1987 485 2018 deflexus
500 1985 556 2019 Pl.
765 1984 809 2004 ¹⁶²
835 1987 1032 2017 exanimum
1048 1987 1118 2019 PR.

177 2037 254 2075 516
