1430 2335
589 474 819 521 LIBER
854 474 942 521 III

173 606 231 643 ΤΕ
267 619 437 656 quoque,
472 620 618 655 magna
656 606 780 651 Pales,
818 611 860 644 et
898 611 939 644 te
974 607 1230 644 memorande

278 681 463 704 canemus
1225 681 1352 705 FMmiv

172 734 305 778 pastor
324 730 373 765 ab
394 729 633 779 Amphryso,
653 741 731 772 vos,
753 729 874 766 silvae
893 742 1109 779 amnesque
1130 729 1284 780 Lycaei.

174 795 306 827 cetera
327 804 427 840 quae
449 804 589 827 vacuas
609 793 837 827 tenuissent
857 793 1029 827 carmine
1049 797 1221 837 mentes,

173 855 304 888 omnia
324 856 401 888 iam
421 852 602 900 volgata:
632 855 718 902 quis
737 858 806 888 aut
826 852 1052 902 Eurysthea
1071 852 1214 889 durum

173 919 242 950 aut
261 913 455 950 inlaudati
477 916 604 950 nescit
625 913 814 950 Busiridis
833 915 947 950 aras?
1331 919 1352 951 5

174 978 236 1011 cui
256 988 333 1011 non
355 975 484 1011 dictus
510 975 633 1024 Hylas
651 988 750 1024 puer
770 980 812 1011 et
832 974 999 1011 Latonia
1021 975 1143 1012 Delos

174 1036 511 1085 Hippodameque
534 1049 749 1086 umeroque
772 1036 912 1085 Pelops
932 1039 1099 1086 insignis
1119 1038 1282 1082 eburno,

173 1111 262 1134 acer
278 1099 416 1147 equis?
436 1098 674 1146 temptanda
689 1100 747 1133 via
765 1102 838 1143 est,
851 1111 926 1147 qua
945 1111 1010 1135 me
1031 1111 1187 1148 quoque
1208 1101 1351 1147 possim
1367 1119 1370 1122 -

172 1159 314 1196 tollere
335 1159 455 1195 humo
475 1161 677 1208 victorque
697 1162 823 1195 virum
843 1159 1010 1196 volitare
1029 1173 1101 1209 per
1118 1173 1194 1196 ora.

174 1224 322 1270 primus
343 1234 417 1269 ego
434 1223 471 1256 in
489 1223 657 1269 patriam
672 1233 841 1265 mecum,
857 1220 976 1257 modo
989 1224 1069 1258 vita
1083 1224 1266 1271 supersit,
1306 1226 1352 1258 10

174 1284 303 1318 Aonio
323 1282 480 1318 rediens
500 1281 694 1318 deducam
713 1285 863 1319 vertice
885 1282 1042 1327 Musas3

174 1346 322 1393 primus
343 1343 550 1379 Idumaeas
568 1343 737 1379 referam
758 1344 845 1387 tibi,
867 1343 1046 1389 Mantua,
1061 1344 1210 1393 palmas

175 1410 217 1441 et
235 1405 348 1440 viridi
369 1407 408 1440 in
425 1417 564 1453 campo
585 1405 779 1453 templum
797 1405 846 1440 de
863 1418 1057 1442 marmore
1073 1419 1216 1455 ponam
1249 1420 1352 1444 FMPR

175 1471 338 1515 propter
355 1479 511 1515 aquam,
531 1466 653 1502 tardis
673 1469 814 1515 ingens
835 1467 902 1502 ubi
921 1466 1085 1503 flexibus
1105 1474 1210 1505 errat

176 1528 347 1564 Mincius
367 1533 409 1564 et
427 1532 568 1564 tenera
589 1530 787 1576 praetexit
809 1528 1031 1565 harundine
1051 1531 1169 1578 ripas.
1307 1535 1350 1567 15

173 1592 213 1625 in
234 1589 366 1625 medio
386 1589 482 1625 mihi
504 1589 646 1625 Caesar
666 1592 742 1625 erit
761 1589 1035 1639 templumque
1056 1591 1222 1628 tenebit.

175 1651 233 1687 illi
253 1654 379 1686 victor
398 1663 473 1700 ego
493 1656 535 1687 et
556 1650 674 1699 Tyrio
694 1656 927 1699 conspectus
947 1654 989 1688 in
1007 1657 1113 1688 ostro

176 1717 335 1748 centum
356 1712 608 1761 quadriiugos
627 1712 787 1761 agitabo
805 1712 855 1748 ad
876 1712 1034 1748 flumina
1053 1726 1198 1750 currus.

177 1779 319 1809 cuncta
337 1773 446 1817 mihi,
469 1773 670 1821 Alpheum
688 1773 874 1822 linquens
892 1773 1079 1823 lucosque
1102 1775 1308 1820 Molorchi,

176 1835 353 1871 cursibus
373 1839 414 1870 et
435 1834 555 1870 crudo
574 1834 768 1871 decernet
788 1833 954 1871 Graecia
974 1841 1120 1872 caestu.
1300 1839 1350 1872 20

260 1902 273 1920 ³
297 1903 447 1934 carmina
464 1901 594 1933 FlJIR.
841 1907 852 1919 ³
876 1913 967 1934 arces
985 1904 1047 1935 Ml.

264 1944 278 1964 ⁸
297 1955 428 1985 possem
444 1945 483 1976 P.
830 1945 855 1963 1⁷
880 1946 952 1977 illic
968 1947 1005 1977 R.

250 1988 277 2006 ¹⁹
300 1987 473 2026 linquens]
495 1988 598 2027 pubes
614 1988 655 2019 P.
825 1989 852 2006 ²⁰
876 1989 960 2020 duro
978 1990 1014 2020 R.
1061 1990 1213 2021 decernit¹
1231 1991 1338 2022 MPR.

183 2047 256 2078 154·
