1430 2335
702 105 895 143 VIRGIL

698 226 725 250 M
732 226 897 250 ENALCAS

211 286 339 322 Lenta
359 286 454 322 salix
476 288 670 334 quantum
691 282 860 332 pallenti
879 282 987 319 cedit
1005 282 1145 324 olivae,

209 342 389 388 puniceis
410 338 570 374 humilis
590 342 783 386 quantum
803 336 978 372 saliunca
998 337 1151 379 rosetis,

211 392 356 429 iudicio
376 397 512 428 nostro
532 396 689 427 tantuin
710 390 785 425 tibi
805 390 913 426 cedit
934 389 1138 438 Amyntas.

210 446 279 482 sed
300 451 343 482 tu
364 446 501 483 desine
522 445 648 493 plura,
668 456 789 493 puer:
818 446 1075 480 successimus
1094 446 1219 477 antro.

731 542 874 566 MOPSUS

214 605 235 622 ‘·'
250 602 507 638 Exstinctum
528 599 739 648 Nymphae
758 598 909 636 crudeli
929 597 1069 635 funere
1090 596 1292 645 Daphnim
1343 601 1389 633 ΩΟ

210 655 359 692 flebant
379 654 464 705 (vos
483 653 606 703 coryli
627 658 753 689 testes
774 658 815 689 et
834 652 998 688 flumina
1019 649 1246 700 Nymphis),

211 722 301 745 cum
321 708 526 757 complexa
547 709 605 743 sui
629 719 770 755 corpus
790 705 1013 743 miserabile
1033 707 1117 741 nati

210 768 332 811 atque
353 762 448 799 deos
468 767 588 810 atque
607 765 712 797 astra
731 765 845 796 vocat
865 758 1040 795 crudelia
1058 763 1196 795 mater.

211 829 292 852 non
312 815 381 852 ulli
402 820 535 864 pastos
554 814 632 850 illis
653 826 773 863 egere
793 813 934 850 diebus

210 869 368 918 frigida,
407 868 582 917 Daphni,
618 868 738 904 boves
784 866 834 903 ad
880 866 1044 902 flumina
1060 878 1070 910 ;
1115 866 1225 903 nulla
1262 878 1393 915 neque

314 935 473 958 amnem
1343 924 1391 956 25

210 975 349 1012 libavit
368 975 593 1025 quadrupes
613 988 687 1011 nec
707 975 896 1024 graminis
916 975 1055 1021 attigit
1075 972 1248 1011 herbam.

212 1029 388 1078 Daphni,
408 1034 520 1066 tuum
546 1029 696 1065 Poenos
717 1030 840 1064 etiam
859 1028 1102 1075 ingemuisse
1122 1026 1259 1064 leones

211 1085 420 1119 interitum
440 1087 677 1131 montesque
697 1081 772 1118 feri
791 1080 991 1130 silvaeque
1012 1080 1240 1129 loquuntur.

212 1136 394 1185 Daphnis
415 1141 457 1172 et
478 1137 685 1172 Armenias
705 1147 820 1170 curru
841 1135 1082 1183 subiungere
1102 1136 1216 1182 tigris

211 1192 401 1235 instituit,
421 1189 603 1237 Daphnis
622 1188 771 1226 thiasos
790 1187 980 1224 inducere
1003 1187 1148 1223 Bacchi
1344 1191 1393 1223 30

211 1248 254 1280 et
272 1243 375 1280 foliis
395 1243 525 1279 lentas
545 1245 727 1279 intexere
747 1241 932 1278 mollibus
951 1240 1095 1277 hastas.

210 1299 302 1333 vitis
322 1302 366 1333 ut
385 1296 589 1333 arboribus
611 1296 745 1332 decori
765 1300 840 1340 est,
859 1300 906 1331 ut
924 1295 1071 1330 vitibus
1092 1307 1203 1340 uvae,

210 1355 257 1387 ut
276 1351 466 1400 gregibus
487 1352 602 1389 tauri,
626 1354 785 1399 segetes
805 1353 849 1385 ut
868 1348 1083 1397 pinguibus
1103 1350 1215 1391 arvis,

210 1409 255 1441 tu
275 1404 396 1441 decus
415 1417 532 1440 omne
553 1405 642 1440 tuis.
704 1407 912 1452 postquam
931 1407 972 1438 te
996 1400 1091 1437 Fata
1110 1401 1304 1447 tulerunt,

211 1460 295 1507 ipsa
317 1457 429 1493 Pales
449 1470 563 1506 agros
582 1462 703 1507 atque
724 1459 808 1505 ipse
828 1455 988 1505 reliquit
1010 1454 1164 1504 Apollo.
1342 1459 1390 1492 35

211 1511 377 1560 grandia
397 1524 514 1560 saepe
534 1511 676 1560 quibus
695 1509 969 1546 mandavimus
987 1508 1137 1545 hordea
1155 1508 1287 1555 sulcis,

212 1564 352 1601 infelix
371 1564 510 1600 lolium
531 1569 573 1601 et
592 1563 750 1600 steriles
767 1567 986 1600 nascuntur
1004 1575 1152 1599 avenae
1170 1575 1180 1607 ;

212 1631 283 1667 pro
302 1618 411 1654 molli
432 1617 546 1662 viola,
567 1631 637 1666 pro
657 1629 857 1666 purpureo
875 1618 1047 1652 narcisso

213 1671 380 1709 carduus
400 1676 442 1708 et
462 1674 586 1720 spinis
606 1674 734 1720 surgit
753 1670 927 1720 paliurus
944 1672 1082 1706 acutis.

211 1728 386 1774 spargite
406 1724 571 1761 humum
590 1724 706 1770 foliis,
720 1723 900 1761 inducite
919 1723 1096 1760 fontibus
1116 1723 1286 1770 umbras,
1341 1729 1392 1760 40

211 1784 389 1829 pastores
410 1777 591 1828 (mandat
609 1778 693 1814 fieri
714 1777 787 1815 sibi
807 1777 902 1813 talia
922 1775 1136 1828 Daphnis),

211 1837 254 1868 et
274 1831 471 1868 tumulum
491 1831 610 1867 facite
630 1836 672 1868 et
690 1830 845 1868 tumulo
865 1830 1121 1879 superaddite
1141 1843 1301 1867 carmen
1318 1845 1326 1868 :

212 1890 223 1906 ‘
240 1885 421 1935 Daphnis
440 1898 515 1934 ego
535 1887 574 1920 in
595 1884 714 1930 silvis,
733 1884 826 1920 hinc
845 1897 970 1934 usque
989 1884 1039 1919 ad
1060 1883 1188 1920 sidera
1206 1889 1337 1931 notus,

212 1938 370 1975 formosi
389 1941 542 1988 pecoris
562 1944 707 1983 custos,
727 1937 932 1974 formosior
949 1936 1059 1987 ipse.’
1074 1936 1096 1949 ’'

213 1999 242 2019 ²⁷
267 2001 437 2041 gemuisse
446 2001 485 2034 R.
537 1999 567 2020 ³⁸
593 2002 703 2033 violae
718 2000 761 2032 P1
778 2011 785 2032 ;
804 2001 893 2033 viola
909 2003 943 2032 et
952 2001 992 2031 R.
1040 1998 1069 2018 ⁴⁰
1095 2000 1246 2041 umbras]
1261 2011 1335 2032 aras
1350 2003 1389 2034 R.

213 2054 263 2093 36
