1430 2335
681 103 874 140 VIRGIL

695 223 859 248 THYRSIS

188 283 376 319 Fraxinus
394 283 436 318 in
455 281 561 318 silvis
580 280 858 330 pulcherrima,
877 284 993 331 pinus
1011 284 1052 318 in
1072 281 1210 329 hortis,
1316 282 1364 320 65

185 336 355 386 populus
373 338 415 372 in
433 335 571 381 fluviis,
590 335 698 371 abies
718 338 759 371 in
778 336 980 373 montibus
999 336 1090 372 altis
1106 349 1114 373 :

185 393 341 439 saeplus
360 394 402 427 at
421 391 453 426 si
472 401 549 433 me,
573 388 722 438 Lycida
741 388 925 435 formose,
944 392 1102 435 revisas,

185 443 360 480 fraxinus
379 445 421 479 in
440 442 546 480 silvis
566 442 684 479 cedat
703 443 790 488 tibi,
811 445 926 492 pinus
946 446 986 480 in
1006 443 1143 481 hortis.

672 592 886 616 memnonos

188 652 301 688 Haec
316 652 495 695 memini,
509 654 551 687 et
571 652 721 686 victum
742 650 886 687 frustra
905 651 1151 687 contendere
1170 650 1363 701 Thyrsim.

185 719 234 742 ex
255 704 321 741 illo
341 703 525 755 Corydon
545 703 727 755 Corydon
748 709 810 741 est
830 709 1012 755 tempore
1033 705 1162 744 nobis.
1319 705 1365 742 ΤΟ

186 1011 397 1048 ΡΑεΤοΗυΜ
420 1010 575 1047 Musam
596 1009 787 1046 Damonis
807 1015 849 1047 et
868 1009 1141 1059 Alphesiboei,
1314 1022 1368 1047 MP

184 1069 391 1101 immemor
410 1064 624 1101 herbarum
644 1077 741 1113 quos
761 1069 823 1101 est
843 1067 984 1101 mirata
1005 1067 1173 1100 iuvenca

184 1122 386 1163 certantis,
408 1131 576 1168 quorum
595 1118 845 1166 stupefactae
865 1121 1039 1154 carmine
1058 1117 1208 1167 lynceS,

184 1178 227 1209 et
247 1177 401 1209 mutata
421 1185 510 1209 suos
532 1174 764 1220 requierunt
783 1171 943 1208 flumina
964 1185 1112 1217 cursus,

185 1226 378 1263 Damonis
401 1226 554 1262 Musam
576 1225 751 1262 dicemus
773 1231 814 1261 et
835 1225 1109 1274 Alphesiboei.
1343 1228 1364 1261 5

238 1280 295 1316 Tu
318 1280 430 1324 mihi,
450 1292 517 1315 seu
539 1281 674 1328 magni
694 1291 856 1328 superas
876 1282 953 1315 iam
972 1292 1063 1315 saxa
1083 1278 1249 1323 Timavi,

184 1337 264 1370 sive
284 1346 392 1370 oram
413 1332 562 1382 Illyrici
582 1332 683 1381 legis
706 1335 1007 1381 aequoris,—en
1028 1335 1106 1369 erit
1126 1345 1313 1382 umquam

183 1387 250 1423 ille
271 1387 369 1432 dies,
388 1386 486 1422 mihi
505 1399 594 1422 cum
616 1386 735 1422 liceat
754 1391 822 1422 tua
842 1386 973 1422 dicere
993 1386 1097 1422 facta
1115 1387 1130 1422 ?

184 1454 234 1477 en
255 1443 343 1485 erit,
363 1445 408 1476 ut
427 1440 546 1476 liceat
565 1444 693 1476 totuin
717 1439 812 1475 mihi
833 1439 936 1476 ferre
957 1453 1028 1489 per
1047 1439 1183 1475 orbem

183 1494 264 1531 sola
285 1493 505 1543 Sophocleo
524 1499 594 1530 tua
614 1496 787 1528 carmina
807 1493 928 1542 digna
947 1498 1114 1529 coturno
1130 1494 1144 1529 ?
1319 1498 1366 1529 10

183 1562 203 1583 a
224 1553 265 1584 te
286 1549 540 1596 principium,
563 1546 637 1582 tibi
658 1547 848 1583 desinam.
905 1549 1041 1596 accipe
1061 1549 1175 1582 iussis

183 1604 355 1637 carmina
375 1606 515 1650 coepta
536 1602 613 1636 iuis
633 1605 754 1649 atque
776 1599 879 1636 hanc
898 1602 982 1636 sine
1003 1606 1183 1648 tempora
1203 1601 1351 1636 circum

182 1657 288 1691 inter
308 1656 489 1691 victrices
510 1653 698 1690 hederam
720 1653 793 1689 tibi
813 1666 972 1702 serpere
991 1654 1134 1690 laurus.

397 1728 427 1747 ⁶⁸
451 1729 549 1760 cedet
566 1729 605 1767 P,
623 1728 764 1765 Servius,
783 1729 887 1759 Berne
904 1728 1042 1759 Scholia.

396 1770 425 1789 Π
451 1771 585 1802 desinet
601 1772 650 1808 M,
669 1772 776 1802 Bevrne
794 1772 946 1803 Scholia:
963 1771 1091 1803 desinit
1110 1771 1137 1802 b.

226 1866 239 1887 ¹
264 1868 385 1898 Others
410 1867 490 1898 take
516 1868 543 1898 it
570 1867 674 1898 thus:
706 1867 895 1907 “Corydon
921 1867 949 1898 is
972 1867 1131 1907 Corydon
1157 1870 1192 1899 to
1218 1867 1286 1905 us,''
1309 1867 1359 1899 i.e.

185 1910 355 1950 Corydon,
372 1910 409 1941 in
425 1920 486 1942 our
504 1909 696 1949 judgment,
714 1910 743 1940 is
761 1910 819 1940 the
837 1911 910 1941 best
929 1910 964 1941 of
979 1912 1088 1948 poets.

224 1957 240 1978 2
265 1953 347 1983 This
363 1954 393 1983 is
408 1963 451 1983 an
467 1953 672 1984 amoebaean
689 1962 797 1993 poem,
820 1953 855 1983 in
871 1953 982 1984 which
1006 1962 1069 1983 one
1084 1952 1254 1992 Shepherd
1269 1953 1362 1992 sings

180 1997 216 2028 of
233 1997 292 2027 the
309 1996 442 2036 despair
457 1996 492 2027 of
510 2005 529 2026 a
548 1995 652 2034 jilted
670 1995 862 2037 lover-‚and
887 1997 946 2027 the
968 1996 1067 2027 other
1090 1996 1126 2027 of
1147 1996 1207 2027 the
1228 1997 1362 2028 charnis

184 2055 235 2086 54
