1430 2335
648 110 840 147 VIRGIL

159 187 267 238 (vere
287 189 423 236 magis,
444 190 535 237 quia
554 200 645 225 vere
665 187 770 224 calor
789 187 894 224 redit
914 187 1095 238 ossibus),
1114 188 1206 225 illae

157 263 223 287 ore
243 262 379 286 omnes
399 262 533 287 versae
553 252 594 286 in
615 249 841 300 Zephyrum
861 255 968 288 stant
988 251 1148 299 rupibus
1168 250 1257 287 altis

158 316 451 361 exceptantque
470 311 569 348 levis
589 324 713 357 auras,
735 316 777 348 et
797 324 914 361 saepe
935 315 1019 349 sine
1041 312 1128 349 ullis

158 376 348 423 coniugiis
370 378 489 410 vento
510 373 696 423 gravidae
719 372 913 423 (mirabile
934 373 1061 424 dictu)
1259 376 1331 412 275

158 448 249 472 saxa
268 448 339 484 per
359 440 401 471 et
421 435 601 484 scopulos
621 440 663 472 et
683 434 888 484 depressas
909 435 1095 473 convallis

157 496 384 546 diffugiunt,
403 509 496 542 non,
518 497 635 543 Eure,
654 502 756 541 tuos,
776 510 907 546 neque
928 497 1018 534 solis
1038 497 1087 533 ad
1107 502 1227 543 ortus,

158 560 198 594 in
220 558 372 595 Borean
393 558 654 608 Caurumque,
675 564 743 596 aut
762 558 869 595 unde
888 561 1123 608 nigerrimus
1144 559 1290 596 Auster

158 622 332 657 nascitur
352 625 394 657 et
412 619 545 669 pluvio
565 622 774 657 contristat
792 620 937 669 frigore
957 620 1120 659 caelum.

158 681 220 717 hic
241 681 414 727 demum,
431 681 690 731 hippomanes
705 695 796 719 vero
810 681 914 731 quod
930 685 1090 719 nomine
1103 682 1242 720 dicunt
1263 683 1335 721 280

157 749 347 792 pastores,
368 743 522 780 lentum
543 743 721 780 destillat
740 744 788 780 ab
809 746 972 793 inguine
994 747 1109 789 virus,

158 805 429 854 hippomanes,
450 805 554 854 quod
575 818 691 854 saepe
711 805 838 842 malae
858 805 993 854 legere
1013 818 1204 843 novercae

157 870 480 916 miscueruntque
501 867 642 903 herbas
663 872 705 903 et
724 880 803 903 non
824 869 983 903 innoxia
1003 868 1131 904 verba.

212 928 290 965 Sed
310 928 414 977 fugit
433 931 599 973 interea,
620 928 725 978 fugit
744 929 1007 978 inreparabile
1027 934 1199 978 tempus,

158 990 313 1039 singula
333 990 427 1026 dum
444 993 549 1039 capti
570 993 923 1027 circumvectamur
943 1003 1088 1028 amore,
1233 1003 1336 1028 122wa

159 1052 232 1088 hoc
252 1054 345 1088 satis
365 1055 553 1088 armentis
572 1065 579 1088 :
610 1057 770 1101 superat
791 1065 877 1101 pars
899 1052 1023 1089 altera
1044 1065 1174 1098 curae,
1263 1054 1335 1090 286

158 1113 354 1162 lanigeros
373 1116 525 1162 agitare
545 1126 688 1162 greges
708 1113 910 1163 hirtasque
932 1113 1112 1163 capellas.

159 1175 222 1211 hic
243 1175 363 1220 labor,
384 1175 476 1211 hinc
496 1175 655 1211 laudem
677 1175 799 1212 fortes
821 1180 978 1224 sperate
999 1175 1138 1212 coloni.

159 1250 233 1274 nec
254 1250 339 1273 sum
359 1239 479 1272 animi
499 1236 652 1282 dubius,
670 1237 797 1273 verbis
820 1250 865 1273 ea
885 1239 1042 1274 vincere
1063 1250 1252 1287 magnum

158 1312 275 1349 quam
291 1301 342 1335 sit
362 1303 404 1335 et
423 1301 601 1347 angustis
617 1298 722 1335 hunc
739 1298 885 1335 addere
902 1299 1018 1335 rebus
1034 1298 1241 1336 honorem:
1263 1301 1336 1338 290

158 1361 227 1397 sed
247 1373 310 1397 ine
333 1360 490 1397 Parnasi
511 1360 669 1397 deserta
688 1373 759 1409 per
778 1360 900 1397 ardua
919 1360 1045 1397 dulcis

158 1428 288 1472 raptat
308 1434 438 1465 amor;
467 1425 575 1459 iuvat
595 1424 651 1458 ire
673 1424 786 1471 iugis,
808 1436 883 1471 qua
903 1421 1012 1458 nulla
1033 1425 1206 1472 priorum

159 1483 367 1520 Castaliam
388 1483 495 1519 molli
516 1484 738 1521 devertitur
759 1485 885 1520 orbita
906 1484 1017 1520 clivo.

158 1559 277 1591 nunc,
297 1544 522 1582 veneranda
545 1544 669 1590 Pales,
683 1558 826 1594 magno
848 1558 954 1581 nunc
974 1557 1040 1581 ore
1062 1544 1293 1582 sonandum.

213 1608 411 1656 Incipiens
432 1606 596 1643 stabulis
618 1606 730 1643 edico
750 1609 791 1642 in
812 1606 995 1643 mollibus
1017 1606 1180 1643 herbam
1262 1607 1334 1646 295

158 1682 317 1718 carpere
339 1671 433 1714 ovis,
452 1668 547 1705 dum
566 1681 657 1705 mox
679 1667 864 1705 frondosa
885 1668 1087 1705 reducitur
1107 1673 1247 1714 aestas,

159 1737 201 1768 et
220 1730 344 1766 multa
363 1729 501 1766 duram
523 1729 668 1779 stipula
684 1729 908 1780 filicumque
930 1729 1112 1779 maniplis

159 1798 336 1830 sternere
356 1792 492 1828 subter
513 1791 689 1837 humum,
710 1792 855 1841 glacies
875 1805 926 1828 ne
947 1791 1089 1841 frigida
1109 1791 1243 1829 laedat

202 1868 245 1888 ²⁷³
270 1870 318 1908 in]
335 1869 379 1900 ad
396 1868 494 1901 JJ2R.

203 1912 245 1931 ²⁷⁴
271 1915 456 1953 exceptant
481 1911 579 1951 M²R,
601 1914 743 1948 Servius,
771 1912 1034 1952 Plcilaryyrius:
1063 1914 1268 1953 exspectant
1284 1911 1333 1942 P.-

159 1958 346 1996 expectant
362 1955 430 1986 Ml.
733 1955 777 1974 ²⁷⁹
802 1955 913 1986 sidere
930 1954 970 1986 R.

203 1998 246 2018 ²⁸⁶
271 2001 410 2040 superat
427 2002 479 2030 est
496 1997 561 2030 M1.
655 1997 698 2017 ²⁹⁷
723 1998 846 2030 durum
858 1997 935 2029 PR:
954 1997 1039 2028 dura
1053 1996 1115 2030 F1:
1133 1996 1217 2028 dura
1230 1997 1264 2028 iu
1279 1996 1328 2028 F2.

163 2059 232 2095 174

1426 720 1430 823 -.-...-..
1426 689 1430 712 ..-
1426 670 1430 677 .
1424 623 1430 650 ..α
1424 550 1430 616 -ffin
1421 321 1430 543 ffl—..<‚-1a-·-v÷rx
1420 137 1430 314 ,ιε-ΜΕ»-
