1430 2335
672 76 726 113 VI
734 76 864 113 RGIL

179 152 374 191 caelicolis
394 157 436 188 et
454 156 601 201 quanta
620 152 733 196 solet,
754 151 973 201 dextraque
991 151 1230 201 prehensum

179 208 378 243 continuit
395 218 585 254 roseoque
605 204 703 241 haec
717 207 879 254 insuper
897 205 1056 241 addidit
1073 218 1141 242 ore
1157 218 1164 241 :

180 266 189 281 ‘
202 264 310 303 nate,
331 261 417 308 quis
436 258 649 295 indomitas
668 263 804 295 tantus
823 258 936 294 dolor
955 261 1104 295 excitat
1123 260 1226 295 iras?

178 313 273 363 quid
292 312 388 348 suris
404 313 418 348 ?
473 317 542 348 aut
561 324 733 361 quonam
753 314 877 347 nostri
895 311 969 348 tibi
988 325 1080 348 cura
1098 315 1290 350 recessit?

178 380 256 402 non
276 368 384 416 prius
401 367 580 414 aspicies,
596 365 665 401 ubi
683 364 828 401 fessum
848 369 981 402 aetate
1000 370 1207 414 parentem
1281 364 1356 408 596

177 420 338 469 liqueris
359 418 577 464 Anchisen,
596 423 759 468 superet
777 421 1001 455 coniunxne
1022 419 1179 464 Creusa,

178 474 449 522 Ascaniusque
468 473 593 522 puer?
649 485 745 521 quos
765 474 890 508 omnis
908 471 1085 521 undique
1104 472 1247 510 Graiae

178 530 324 563 circum
344 531 478 563 errant
495 529 600 562 acies
619 530 671 570 et,
692 528 733 561 ni
752 538 841 562 mea
859 539 951 562 cura
969 528 1140 571 resistat,

176 583 253 616 iam
273 580 451 616 flammae
470 579 637 616 tulerint
655 581 838 616 inimicus
858 584 899 616 et
917 579 1093 616 hauserit
1111 582 1225 617 ensis.
1280 578 1357 616 600

176 648 257 670 non
277 634 351 670 tibi
370 633 609 683 Tyndaridis
628 632 748 669 facies
767 635 892 669 invisa
915 632 1117 669 Lacaenae

177 688 409 737 culpatusve
432 687 561 730 Paris3
590 686 725 723 divum
744 686 1016 731 inclementia,
1034 686 1182 732 divum,

176 741 247 778 has
267 743 413 778 evertit
432 753 526 789 opes
541 742 765 789 sternitque
784 753 806 775 a
826 740 998 776 culmine
1017 739 1184 777 Troiam.

176 798 307 844 aspice
327 794 516 845 (namque
536 806 709 839 omnem,
729 806 829 843 quae
848 806 955 830 nunc
975 794 1149 830 obducta
1171 796 1300 831 tuenti

178 848 354 885 mortalis
374 848 540 884 hebetat
560 850 663 883 visus
683 847 756 883 tibi
776 852 819 884 et
838 846 972 883 umida
990 849 1137 884 circum
1282 846 1357 883 605

177 902 335 951 caligat,
355 902 503 938 nubem
523 903 686 949 eripiam
705 913 713 944 ;
744 906 788 936 tu
808 913 859 937 ne
879 914 956 950 qua
974 904 1149 950 parentis

176 959 279 992 iussa
297 959 395 992 time
415 968 494 991 neu
514 956 738 1003 praeceptis
757 967 896 1002 parere
918 953 1095 1005 recusa):

178 1009 256 1054 hic,
276 1010 343 1045 ubi
363 1008 549 1045 disiectas
569 1008 693 1044 moles
713 1007 922 1057 avolsaque
942 1010 1043 1044 saxis

178 1076 269 1099 saxa
285 1062 395 1098 vides
414 1064 618 1111 mixtoque
638 1061 860 1098 undantem
878 1060 1042 1110 pulvere
1062 1060 1226 1109 fumum,

179 1117 393 1165 Neptunus
412 1128 543 1151 muros
562 1127 786 1164 magnoque
807 1119 938 1151 emota
955 1114 1123 1152 tridenti
1283 1114 1361 1152 610

177 1169 439 1206 fundamenta
457 1171 588 1218 quatit
605 1173 811 1218 totamque
830 1181 852 1204 a
870 1167 1031 1205 sedibus
1049 1168 1188 1205 urbem

163 1220 291 1272 eruit.
347 1222 411 1259 hic
432 1222 532 1258 Iuno
551 1221 691 1258 Scaeas
709 1223 932 1258 saevissima
951 1227 1082 1270 portas

138 1289 141 1293 ·
178 1280 304 1326 prima
322 1280 437 1313 tenet
457 1278 684 1325 sociumque
704 1275 840 1312 furens
859 1288 882 1311 a
900 1276 1065 1312 navibus
1083 1288 1228 1325 agmen

178 1330 281 1367 ferro
300 1332 478 1366 accincta
497 1334 622 1365 vocat.

178 1386 253 1420 iam
275 1396 446 1420 summas
465 1395 574 1419 arces
593 1382 784 1426 Tritonia,
804 1384 971 1431 respice,
992 1381 1117 1419 Pallas
1283 1381 1359 1419 615

178 1437 339 1483 insedit,
356 1437 492 1473 nimbo
512 1436 707 1485 effulgens
727 1440 770 1472 et
788 1435 977 1485 Gorgone
995 1449 1119 1472 saeva.

178 1493 263 1540 ipse
283 1496 398 1540 pater
419 1490 567 1526 Danais
586 1492 736 1525 animos
751 1491 923 1539 virisque
942 1489 1134 1526 secundas

178 1545 332 1590 sufficit,
351 1546 436 1593 ipse
455 1543 550 1580 deos
570 1545 611 1579 in
631 1542 818 1579 Dardana
836 1545 1001 1580 suscitat
1018 1555 1135 1579 arma.

179 1600 302 1648 eripe,
319 1602 428 1642 nate,
447 1596 583 1646 fugam
602 1595 801 1645 finemque
820 1598 981 1645 impone
999 1595 1133 1632 labori.

178 1664 372 1701 nusquam
389 1651 509 1687 abero
528 1655 571 1687 et
587 1654 722 1687 tutum
740 1652 869 1698 patrio
885 1655 927 1686 te
941 1649 1078 1686 limine
1090 1649 1250 1687 sistam.'
1283 1648 1360 1687 620

178 1704 334 1742 dixerat
348 1709 390 1742 et
409 1706 541 1754 spissis
559 1706 688 1740 noctis
705 1716 748 1740 se
768 1702 950 1740 condidit
968 1703 1126 1740 umbris.

136 1761 138 1765 ’
178 1763 374 1808 apparent
392 1757 501 1795 dirae
520 1757 641 1794 facies
649 1759 899 1809 *inimicaque
918 1756 1059 1794 Troiae

178 1815 342 1849 numina
358 1825 502 1861 magna
520 1811 652 1849 deum.
687 1852 695 1858 ,
1284 1823 1360 1847 ΜΡν

222 1887 266 1907 ⁸¹⁶
291 1888 398 1919 limbo
429 1888 543 1919 known
580 1891 610 1919 to
647 1887 779 1919 Servius
792 1899 802 1918 .·
847 1887 965 1919 nimbo
1003 1887 1081 1925 MP,
1109 1887 1283 1930 preferred
1318 1886 1360 1929 by

180 1933 475 2012 seggudumquam
496 1973 555 2012 Ml,
573 1974 704 2005 Servius
722 1975 776 2009 (on
791 1974 876 2004 Aen.
893 1979 937 2004 11.
949 1973 1033 2011 801).

184 2033 259 2065 334
