1430 2335
693 107 887 144 VIRGIL

192 185 245 231 di,
266 186 406 234 quibus
426 185 638 233 imperium
659 182 734 220 hoc
755 187 924 220 steterat
940 196 948 227 3
978 184 1204 220 succurritis
1224 183 1310 221 urbi

190 249 399 284 incensae:
427 247 639 282 moriamur
658 250 700 282 et
719 247 760 281 in
780 245 911 282 media
928 258 1036 281 arma
1055 258 1222 282 ruamus.

191 321 268 345 una
285 309 388 345 salus
409 309 521 344 victis
541 306 689 344 nullam
711 319 869 357 sperare
890 306 1085 344 salutem.'

189 373 244 407 sic
264 373 404 407 animis
423 372 610 407 iuvenum
630 368 737 405 furor
756 369 926 406 additus.
976 369 1082 414 inde,
1103 368 1185 419 lupi
1205 382 1278 407 ceu
1298 373 1373 407 355

189 437 366 481 raptores
385 436 470 468 atra
489 434 529 467 in
550 430 710 477 nebula,
730 443 827 480 quos
847 431 1025 480 improba
1045 433 1193 468 ventris

189 496 326 543 exegit
345 506 481 531 caecos
501 493 629 529 rabies
651 492 851 542 catulique
872 492 1003 529 relicti

188 555 366 593 faucibus
386 559 623 604 exspectant
643 556 767 599 siccis,
790 567 862 603 per
880 553 975 599 tela,
996 567 1069 604 per
1088 553 1214 592 hostis

189 618 367 655 vadimus
388 617 493 653 haud
516 616 677 653 dubiam
697 619 737 652 in
753 621 923 653 mortem
938 617 1174 666 mediaeque
1191 621 1375 654 tenemus

188 682 293 717 urbis
314 682 391 717 iter
408 692 416 724 3
443 691 521 715 nox
541 684 626 715 atra
645 691 738 715 cava
758 678 1015 715 circumvolat
1037 679 1186 717 umbra.
1298 677 1374 716 360

187 745 274 792 quis
294 741 448 778 cladem
468 740 572 777 illius
593 742 729 786 noctis,
752 742 838 790 quis
859 740 998 777 funera
1017 740 1137 777 fando
1207 731 1210 736 ¹

187 804 363 854 explicet
382 808 451 839 aut
470 804 593 852 possit
612 801 781 838 lacrimis
802 815 971 852 aequare
991 801 1174 839 labores?

187 867 279 903 urbs
299 868 461 916 antiqua
476 867 568 909 ruit,
588 863 734 900 multos
755 864 961 901 dominata
979 878 1050 914 per
1069 877 1217 909 annos;

187 928 355 977 plurima
376 939 526 977 perque
544 928 625 962 vias
646 930 880 962 sternuntur
898 928 1042 963 inertia
1062 929 1207 975 passim

187 1003 351 1040 corpora
370 1002 521 1039 perque
541 989 678 1026 domos
699 994 741 1027 et
760 989 943 1038 religiosa
962 988 1127 1025 deorum
1298 986 1373 1026 365

186 1051 334 1089 limina.
392 1064 466 1087 nec
488 1050 560 1087 soli
581 1064 730 1100 poenas
751 1051 849 1087 dant
870 1052 1062 1100 sanguine
1083 1050 1225 1086 Teucri
1243 1063 1250 1087 :

186 1113 388 1164 quondam
410 1115 531 1150 etiarn
553 1115 666 1149 victis
687 1112 791 1150 redit
812 1115 852 1148 in
872 1112 1102 1162 praecordia
1124 1113 1246 1149 virtus

187 1179 435 1225 victoresque
456 1174 605 1212 cadunt
626 1175 766 1211 Danai.
823 1174 995 1212 crudelis
1013 1175 1161 1224 ubique

186 1239 327 1283 luctus,
348 1238 494 1287 ubique
518 1250 638 1286 pavor
658 1242 699 1274 et
719 1237 889 1287 plurima
911 1239 1047 1274 mortis
1068 1239 1209 1286 imago.

239 1305 263 1322 “
280 1300 430 1336 Primus
448 1312 490 1336 se
512 1300 694 1336 Danaum
716 1313 860 1349 magna
880 1301 1096 1336 comitante
1117 1303 1276 1336 caterva
1296 1301 1372 1338 370

188 1358 423 1408 Androgeos
443 1357 559 1394 offert
578 1358 705 1404 nobis,
726 1360 829 1394 socia
847 1360 1006 1407 agmina
1026 1358 1193 1394 credens

186 1423 344 1466 inscius,
362 1425 482 1469 atque
504 1420 607 1456 ultro
627 1420 755 1456 verbis
775 1419 991 1469 compellat
1009 1422 1168 1456 amicis:

186 1486 196 1503 ‘
211 1482 412 1527 festinate,
435 1483 506 1517 viri
524 1482 530 1517 !
589 1494 679 1518 nam
701 1495 801 1531 quae
820 1487 903 1518 tam
925 1494 1012 1519 sera
1030 1487 1205 1518 moratur

185 1546 377 1594 segnities
394 1544 408 1579 ?
464 1543 528 1579 alii
548 1546 708 1593 rapiunt
728 1546 889 1581 incensa
909 1543 1123 1593 feruntque

188 1606 378 1655 Pergama
395 1617 404 1649 ;
435 1618 499 1642 vos
519 1604 633 1642 celsis
652 1618 758 1641 nunc
774 1608 945 1655 primum
964 1619 987 1644 a
1006 1606 1170 1642 navibus
1190 1607 1254 1642 itis
1271 1606 1285 1641 ?
1302 1605 1310 1618 '

186 1668 289 1704 dixit
307 1673 350 1704 et
366 1667 568 1716 extemplo
588 1666 736 1718 (neque
753 1670 859 1704 enim
876 1680 1062 1717 responsa
1076 1667 1273 1704 dabantur
1293 1665 1369 1706 376

187 1725 263 1761 fida
282 1724 393 1774 satis)
412 1727 537 1762 sensit
555 1725 707 1762 medios
727 1724 912 1774 delapsus
932 1727 973 1760 in
993 1724 1128 1762 hostis.

185 1783 381 1831 obstipuit
399 1787 587 1832 retroque
607 1782 753 1832 pedem
772 1795 863 1819 cum
882 1795 977 1819 voce
996 1785 1194 1832 repressit.

185 1842 441 1889 improvisum
461 1842 583 1889 aspris
604 1839 729 1877 veluti
751 1842 818 1889 qui
838 1841 1018 1877 sentibus
1036 1853 1209 1889 anguem

187 1901 331 1949 pressit
350 1898 461 1934 humi
482 1902 628 1945 nitens,
650 1899 911 1948 trepidusque
931 1904 1098 1949 repente
1118 1899 1266 1948 refugit
1291 1904 1367 1937 380

186 1956 441 1994 attollentem
460 1958 535 1993 iras
555 1961 598 1994 et
617 1957 774 1993 caerula
794 1956 894 1993 colla
912 1960 1161 1999 tumentem

188 2014 295 2051 haud
314 2026 426 2052 secus
447 2013 683 2064 Androgeos
703 2015 786 2051 visu
805 2013 1064 2051 tremefactus
1081 2014 1227 2051 abibat.

190 2075 264 2108 318
