1430 2335
633 88 824 126 VIRGIL

142 165 226 212 ipse
247 163 353 200 diem
372 167 613 213 noctemque
632 169 756 213 negat
776 164 1002 202 discernere
1023 165 1133 202 caelo

143 229 218 253 nec
238 219 467 254 meminisse
488 220 574 253 viae
594 217 726 254 media
748 218 953 254 Palinurus
973 221 1013 255 in
1035 219 1152 256 unda.

144 272 214 306 tris
234 270 334 307 adeo
354 273 527 307 incertos
547 284 663 307 caeca
682 271 852 320 caligine
872 272 976 309 soles

144 337 318 360 erramus
338 324 493 372 pelagO,
510 324 682 360 totidem
702 327 785 361 sine
806 325 935 362 sidere
955 330 1106 362 noctes.

144 382 285 426 quarto
306 382 413 413 terra
431 377 495 413 die
516 380 686 426 primum
706 391 747 414 se
767 379 953 415 attollere
974 379 1141 415 tandem
1252 383 1326 417 ⁶205

145 434 237 474 visa,
258 434 411 480 aperire
431 431 567 480 procul
587 434 733 468 montis
752 445 796 468 ac
817 432 974 469 volvere
994 432 1161 470 fumum.

145 484 231 521 vela
252 484 412 529 cadunt,
434 487 550 521 remis
570 487 831 534 insurgimus3
861 485 968 522 haud
988 499 1109 532 mora,
1131 492 1274 523 nautae

144 538 277 574 adnixi
298 543 488 588 torquent
507 551 664 587 spumas
680 544 721 575 et
740 539 896 575 caerula
916 545 1089 577 verrunt.
1253 553 1330 577 FMP

145 597 343 628 servatum
364 605 411 628 ex
435 592 548 628 undis
568 591 836 640 Strophadum
856 606 919 629 me
935 593 1048 629 litora
1068 596 1238 642 primum
1253 597 1328 636 209

145 648 359 694 excipiunt.
390 645 633 694 Strophades
649 645 767 682 Graio
780 651 887 682 stant
900 649 1059 683 nomine
1074 647 1203 684 dictae
1227 659 1331 684 FGMP

145 699 297 736 insulae
318 699 430 735 Ionio
451 702 491 735 in
511 712 668 747 magno,
688 712 784 749 quas
803 699 888 736 dira
908 700 1080 736 Celaeno

148 753 429 802 Harpyiaeque
450 752 587 789 colunt
606 752 719 798 aliae,
742 752 906 789 Phineia
926 759 1134 803 postquam

146 806 277 843 clausa
296 806 435 843 domus
455 819 689 855 mensasque
708 811 819 843 metu
838 806 990 856 liquere
1013 810 1170 856 priores.

145 863 297 897 tristius
316 860 422 896 haud
442 859 518 896 illis
538 865 769 904 monstruni,
791 873 864 896 nec
884 863 1034 897 saevior
1055 861 1134 896 ulla

146 917 269 963 pestis
289 919 330 950 et
349 916 405 949 ira
424 913 544 950 deum
564 913 713 962 Stygiis
732 927 817 950 sese
838 914 983 950 extulit
1002 914 1128 951 undis.
1253 919 1328 951 ‘215

145 970 314 1017 virginei
334 967 536 1004 volucrum
555 967 697 1011 voltus,
717 967 942 1004 foedissima
963 970 1111 1004 ventris

145 1021 357 1070 proluvies,
376 1034 581 1070 uncaeque
602 1034 755 1067 manus,
775 1026 816 1058 et
836 1021 983 1070 pallida
999 1033 1156 1070 semper
1250 1035 1330 1059 αλιι»

146 1089 212 1112 ora
232 1075 349 1112 fame.

146 1129 223 1165 huc
243 1129 310 1165 ubi
330 1128 453 1165 delati
474 1133 609 1177 portus
629 1130 873 1173 intravimus,
894 1141 987 1165 ecce

145 1183 252 1219 laeta
272 1182 388 1218 boum
410 1185 554 1231 passim
574 1184 722 1230 campis
740 1187 920 1219 armenta
939 1181 1118 1219 videmus
1253 1187 1329 1220 ‘2⁶20

147 1240 484 1286 caprigenumque
505 1249 625 1284 pecus
644 1235 754 1272 nullo
775 1235 939 1272 custode
960 1249 1030 1285 per
1050 1236 1203 1273 herbas.

146 1293 337 1326 inruimus
356 1289 460 1326 ferro
480 1295 521 1325 et
540 1289 649 1325 divos
669 1292 876 1339 ipsumque
897 1302 1079 1326 vocamus

145 1347 186 1380 in
207 1348 361 1392 partem
382 1343 648 1392 praedamque
669 1342 804 1379 Iovem
821 1357 828 1379 :
854 1347 941 1379 tum
960 1342 1076 1380 litore
1096 1356 1214 1380 curvo

147 1399 463 1445 exstruimusque
483 1401 588 1433 toros
606 1396 851 1445 dapibusque
871 1395 1076 1445 epulamur
1095 1400 1246 1446 opimis.

146 1457 188 1488 at
207 1452 360 1487 subitae
381 1450 562 1486 horrifico
581 1449 692 1498 lapsu
713 1450 763 1486 de
783 1450 984 1486 montibus
1003 1450 1148 1487 adsunt
1253 1455 1327 1488 225

149 1505 351 1554 Harpyiae
372 1509 414 1540 et
432 1506 586 1552 magnis
606 1506 792 1552 quatiunt
811 1503 1060 1550 clangoribus
1078 1503 1170 1548 alas,

146 1559 419 1607 diripiuntque
439 1557 560 1606 dapes
581 1562 846 1606 contactuque
866 1559 997 1593 onmia
1018 1557 1181 1594 foedant
1276 1570 1329 1594 ΜΡ

147 1612 374 1655 innnundo3
404 1616 490 1648 tuni
510 1624 583 1647 vox
599 1615 772 1647 taetrum
792 1610 875 1646 dira
895 1613 1000 1647 inter
1018 1611 1189 1647 odorem.

147 1679 300 1702 rursum
320 1668 359 1700 in
381 1677 533 1701 secessu
556 1664 689 1713 long0‚
710 1665 783 1700 sub
802 1677 900 1712 rupe
920 1669 1055 1701 cavata

146 1720 349 1756 arboribus
365 1718 495 1754 clausa
510 1721 656 1754 circum
669 1723 788 1767 atque
802 1717 1055 1754 horrentibus
1070 1718 1230 1763 umbris,
1251 1722 1328 1755 ⁶230

190 1794 234 1812 2⁰³
258 1793 444 1833 According]
470 1798 500 1824 to
524 1793 667 1829 Servius,
687 1793 768 1824 these
793 1792 885 1829 lines,
905 1792 1029 1833 coming}
1052 1792 1139 1833 after
1163 1794 1233 1831 204,
1251 1803 1328 1825 were

148 1837 312 1869 bracketed
329 1847 366 1867 or
374 1837 488 1876 found
504 1837 540 1867 in
556 1836 606 1867 the
621 1837 755 1877 marqin
767 1849 776 1867 .-

275 1899 354 1929 hinc
372 1899 505 1937 Pelopis
522 1898 634 1938 gentis
651 1898 845 1938 Maleaeque
863 1897 1019 1928 sonantia
1035 1907 1117 1929 saxa

277 1942 514 1977 circumstant,
532 1942 720 1981 pariterque
737 1940 848 1972 undae
865 1943 1041 1978 terraeque
1057 1941 1243 1973 minantur.

275 1984 449 2024 pulsamur
463 1985 567 2015 salvis
583 1986 616 2015 et
632 1984 918 2015 circumsistimur
935 1983 1035 2014 undis

149 2027 223 2064 362
