1430 2335
652 74 846 112 VIRGIL

154 156 249 188 ante
270 153 380 187 novis
399 151 570 188 rubeant
590 164 707 201 quam
726 156 838 201 prata
856 152 1062 199 coloribus,
1081 159 1176 190 ante

156 207 312 253 garrula
332 218 449 254 quam
470 208 591 253 tignis
614 205 752 241 nidum
772 207 989 255 suspendat
1010 207 1189 243 hirundo.

156 262 311 294 interea
329 261 478 294 teneris
498 259 721 307 tepefactus
738 261 780 294 in
799 260 948 295 ossibus
968 273 1081 296 umor

156 316 326 355 aestuat,
347 316 388 348 et
409 312 571 348 visenda
590 312 717 347 modis
737 313 921 348 animalia
940 315 1061 356 miris,

157 370 298 401 trunca
316 364 464 412 pedum
483 367 622 413 primo,
643 378 732 401 mox
753 370 795 402 et
813 365 1022 402 stridentia
1041 369 1184 414 pinnis,
1260 369 1336 402 310

158 421 388 461 miscentur,
409 423 654 467 tenuemque
676 421 803 467 magis
823 422 948 467 magis
967 423 1058 455 aera
1078 423 1262 468 carpunt,

161 472 291 508 donec
310 476 356 508 ut
373 474 531 508 aestivis
551 472 695 507 effusus
714 472 886 508 nubibus
905 472 1032 508 imber

160 537 340 573 erupere,
361 530 431 561 aut
450 530 495 561 ut
514 538 636 560 nervo
656 525 841 573 pulsante
862 528 1047 573 sagittae,

161 581 288 628 prima
306 577 414 615 leves
434 581 577 614 ineunt
596 581 626 613 si
643 578 802 627 quando
821 579 970 627 proelia
994 578 1138 615 Parthi.

215 631 313 676 Quis
332 631 429 668 deus
449 631 564 675 hane,
582 632 731 676 Musae,
745 634 831 680 quis
851 633 965 668 nobis
984 631 1145 668 extudit
1164 636 1291 668 artem
1308 633 1322 667 ?

162 685 270 721 unde
287 698 387 721 nova
405 688 606 733 ingressus
628 685 832 720 hominum
846 687 1094 733 experientia
1107 686 1243 733 cepit?
1263 684 1340 721 316

161 744 295 788 pastor
317 739 520 774 Aristaeus
541 738 698 786 fugiens
723 738 867 773 Peneia
885 738 1051 787 Tempe,

162 795 324 838 amissis,
347 797 393 828 ut
413 792 527 836 fama,
549 793 687 840 apibus
706 792 922 840 morboque
941 792 1140 841 fameque,

164 848 291 882 tristis
311 846 358 881 ad
381 848 552 881 extremi
573 857 723 881 sacrun]
747 850 866 893 caput
885 848 1015 881 astitit
1035 847 1174 887 amnis,

165 899 289 935 multa
305 911 487 948 querens,
501 903 620 948 atque
635 898 707 933 hae
722 897 878 934 adfatus
894 911 989 935 voce
1005 903 1216 946 parentem
1230 913 1238 935 :
1268 902 1342 934 320

165 957 188 973 “
202 958 342 996 mater,
363 952 516 1001 Cyrene
536 957 678 993 mater,
698 964 797 1000 quae
818 954 986 1000 gurgitis
1005 951 1121 988 huius

164 1009 241 1042 ima
260 1011 391 1050 tenes,
411 1005 506 1054 quid
525 1018 589 1041 me
611 1005 809 1052 praeclara
829 1007 953 1054 stirpe
974 1005 1139 1041 deorum

164 1059 214 1109 (si
242 1060 372 1100 modo,
402 1071 521 1107 quem
548 1058 748 1107 perhibes,
777 1063 891 1107 pater
919 1062 980 1095 est
1008 1057 1280 1108 Thymbraeus

271 1110 434 1163 Apollo)

165 1168 334 1202 invisum
356 1167 444 1201 fatis
465 1166 668 1214 genuisti?
697 1171 765 1201 aut
786 1178 863 1214 quo
882 1166 955 1201 tibi
975 1168 1101 1202 nostri

167 1219 301 1269 pulsus
321 1219 455 1255 amor?
485 1219 579 1268 quid
601 1232 664 1255 me
684 1218 837 1254 caelum
859 1231 1017 1267 sperare
1037 1220 1232 1256 iubebas?
1270 1223 1344 1256 325

168 1286 218 1309 en
239 1275 360 1309 etiam
379 1271 486 1308 hunc
505 1275 632 1320 ipsum
653 1274 759 1308 vitae
780 1272 955 1308 mortalis
976 1272 1180 1317 honorem,

168 1339 286 1375 quem
306 1325 403 1361 mihi
423 1327 486 1361 vix
506 1325 664 1374 frugum
685 1330 727 1361 et
747 1325 946 1373 pecudum
965 1325 1145 1361 custodsa
1164 1326 1300 1363 sollers

169 1382 299 1415 omnia
318 1381 537 1428 temptanti
557 1378 781 1422 extuderat,
800 1383 842 1414 te
862 1383 989 1414 matre
1008 1378 1200 1428 relinquo.

169 1436 264 1482 quin
284 1445 358 1481 age
379 1438 420 1467 et
437 1435 522 1480 ipsa
540 1444 659 1467 manu
680 1431 806 1467 felicis
826 1444 920 1468 erue
940 1431 1068 1476 silvas,

169 1487 230 1522 fer
249 1486 413 1521 stabulis
434 1488 636 1520 inimicum
657 1487 792 1533 ignem
812 1490 931 1533 atque
951 1485 1132 1521 interfice
1152 1489 1303 1530 messis,

170 1552 240 1575 ure
261 1544 344 1574 sata
365 1544 406 1574 et
427 1538 595 1574 validam
617 1540 656 1573 in
678 1541 767 1573 vitis
788 1538 926 1573 molire
947 1538 1176 1586 bipennem,
1272 1543 1339 1575 331

172 1597 283 1628 tanta
303 1604 416 1628 meae
437 1594 468 1627 si
487 1597 529 1627 te
549 1596 744 1640 ceperunt
763 1590 896 1627 taedia
917 1591 1081 1627 laudis.’'

383 1692 428 1711 ³⁰⁷
451 1693 553 1732 lignis
568 1692 607 1724 P.

382 1735 424 1753 ³¹¹
450 1737 558 1774 magis
574 1745 611 1766 ac
628 1735 736 1774 magis
751 1734 850 1766 M1R.
894 1737 1031 1774 captant
1048 1735 1085 1766 R.

384 1778 427 1796 ³1³
451 1788 624 1819 erumpere
640 1777 719 1808 Ml:
739 1779 888 1817 eripuere
904 1778 942 1808 R.

385 1820 428 1839 ⁸¹⁹
453 1822 603 1861 sacrum]
617 1821 790 1858 piacidum
806 1821 854 1851 M.

384 1862 427 1881 ³²²
451 1874 469 1894 a
485 1864 590 1901 stirpe
605 1863 644 1893 R.

385 1905 428 1924 ³²⁷
451 1916 608 1945 pecorum
625 1905 705 1936 PR:
726 1905 893 1945 pecudum
910 1906 955 1944 M,
973 1905 1114 1938 Nonius.

385 1948 428 1966 ³³¹
453 1948 620 1988 validam]
638 1949 755 1979 duram
773 1946 843 1979 2111.
