1430 2335
683 109 873 145 VIRGIL

192 189 390 232 sollicitat,
411 187 649 236 frondesque
670 191 822 235 negant
841 191 884 225 et
902 186 1076 222 fontibus
1096 190 1242 223 arcent.

191 267 308 302 saepe
330 255 448 289 etiam
469 265 582 289 cursu
603 254 789 300 quatiunt
809 256 850 287 et
869 250 951 287 sole
970 250 1153 299 fatigant,

191 331 278 354 cum
300 319 470 366 graviter
490 319 617 352 tunsis
637 317 763 364 gemit
781 328 872 351 area
891 314 1084 363 frugibus,
1106 320 1147 351 et
1168 327 1257 351 cum

191 387 422 431 surgentem
441 381 489 417 ad
512 380 737 430 Zephyrum
758 379 894 429 paleae
916 382 1113 416 iactantur
1132 381 1281 416 inanes.

190 447 263 483 hoc
284 446 448 490 faciunt,
467 447 589 481 nimio
609 457 659 481 ne
680 444 775 480 luxu
796 444 1001 481 obtunsior
1022 456 1112 481 usus
1292 444 1363 482 135

191 515 241 548 sit
260 509 424 559 genitali
445 522 536 545 arvo
557 514 598 545 et
618 508 744 545 sulcos
765 508 931 544 oblimet
951 510 1102 553 inertis,

190 575 258 612 sed
280 577 405 624 rapiat
426 576 563 610 sitiens
586 573 781 609 Venerem
802 575 1047 622 interiusque
1066 571 1267 608 recondat.

246 640 389 676 Rursus
409 651 500 674 cura
521 642 676 686 patrum
698 637 839 673 cadere
862 642 903 673 et
924 635 1137 673 succedere
1157 641 1325 673 matrum

190 707 338 753 incipit.
371 705 518 740 exactis
538 701 723 750 gravidae
745 714 833 737 cum
854 701 1054 737 mensibus
1075 706 1219 745 errant,

190 782 268 805 non
288 768 373 804 illas
393 767 575 816 gravibus
591 768 795 815 quisquam
812 768 904 813 iuga
918 765 1064 802 ducere
1077 765 1276 813 plaustris,
1294 764 1367 802 140

190 847 269 869 non
289 832 391 869 saltu
412 843 594 880 superare
616 833 717 866 viam
739 832 789 866 sit
808 842 942 878 passus
963 834 1006 865 et
1024 831 1103 865 acri

191 910 349 946 carpere
370 901 481 945 prata
500 895 594 943 fuga
613 894 828 943 fluviosque
849 896 986 930 innare
1008 896 1167 942 rapacis.

191 962 353 999 saltibus
372 963 414 996 in
434 962 564 995 vacuis
583 963 752 1008 pascunt
772 963 815 995 et
833 958 950 1007 plena
972 957 1190 994 secundum

191 1026 361 1071 flumina,
381 1037 537 1060 muscus
558 1024 625 1060 ubi
645 1028 688 1060 et
707 1022 940 1059 viridissima
959 1024 1138 1071 gramine
1159 1024 1256 1071 ripa,

191 1090 481 1140 speluncaeque
503 1092 644 1136 tegant
665 1091 707 1124 et
727 1099 843 1123 saxea
863 1087 1056 1135 procubet
1076 1086 1224 1123 umbra.
1295 1085 1366 1123 145

191 1160 252 1192 est
270 1154 378 1190 lucos
399 1153 511 1189 Silari
533 1154 633 1188 circa
653 1151 887 1200 ilicibusque
904 1153 1101 1187 virentem
1263 1162 1367 1185 FMPR

191 1219 381 1268 plurimus
403 1217 625 1252 Alburnum
645 1215 827 1260 volitans,
847 1217 909 1250 cui
929 1227 1074 1250 nomen
1095 1213 1192 1250 asilo

194 1284 411 1319 Romanum
433 1286 506 1326 cst,
526 1285 700 1318 oestrum
722 1279 817 1315 Grai
836 1283 991 1315 vertere
1013 1283 1212 1323 vocantes,

191 1360 318 1396 asper,
337 1345 477 1382 acerba
497 1357 653 1390 sonans,
672 1356 749 1393 quo
769 1348 854 1380 tota
875 1345 1065 1379 exterrita
1085 1341 1191 1378 silvis

192 1412 406 1459 diffugiunt
425 1413 617 1453 armenta,
638 1407 734 1444 furit
753 1408 970 1456 mugitibus
990 1406 1130 1443 aether
1294 1405 1368 1443 150

192 1488 401 1512 concussus
421 1473 620 1522 silvaeque
642 1477 683 1509 et
703 1474 794 1508 sicci
815 1474 900 1520 ripa
919 1471 1101 1519 Tanagri.

192 1540 266 1576 hoc
286 1538 484 1589 quondam
506 1541 683 1573 monstro
703 1535 899 1572 horribilis
920 1537 1098 1572 exercuit
1117 1536 1191 1570 iras

196 1603 378 1641 inachiae
399 1603 499 1639 Iuno
520 1606 674 1650 pestem
695 1598 889 1637 meditata
910 1602 1110 1635 iuvencae.

192 1669 298 1705 hunc
318 1679 474 1717 quoque
498 1667 602 1715 (nam
623 1664 763 1701 mediis
784 1663 1001 1701 fervoribus
1020 1665 1143 1699 acrior
1158 1659 1299 1711 instat)

193 1733 343 1769 arcebis
363 1730 524 1780 gravido
544 1732 690 1778 pecori,
708 1733 966 1777 armentaque
986 1739 1121 1776 pasces
1297 1726 1367 1764 155

194 1797 275 1834 sole
295 1808 433 1832 recens
454 1800 539 1831 orto
560 1798 629 1831 aut
648 1798 807 1829 noctem
827 1791 1064 1829 ducentibus
1083 1793 1206 1827 astris.

322 1864 368 1883 111
390 1864 463 1904 agri
480 1863 520 1894 R.
900 1860 945 1879 ¹4⁸
967 1862 1111 1901 pascant
1129 1858 1195 1891 M2.

324 1906 369 1926 ¹⁴4
393 1907 547 1947 gramina
563 1905 658 1946 ripae
674 1904 725 1937 ΔΙ.
901 1902 947 1923 ¹⁴²⁵
969 1903 1121 1944 protegit
1138 1901 1205 1933 Ml.

322 1949 368 1969 1⁵⁰
391 1949 482 1990 fugit
498 1949 536 1980 F.

324 1992 370 2011 ¹⁵5
394 1992 575 2033 pecorique
593 1990 648 2022 31²
661 2001 671 2022 .·
695 1990 826 2032 pecoris
844 1989 887 2020 P.
932 1988 1043 2030 pascis
1060 1988 1097 2019 F.

199 2054 270 2092 164
