1430 2335
650 112 843 150 VIRGIL

155 192 164 210 ‘
179 202 201 225 o
222 187 318 225 felix
340 201 417 225 una
437 193 531 224 ante
553 188 646 225 alias
670 188 861 225 Priameia
880 191 1004 237 virgo,

154 242 341 278 hostilem
359 241 406 278 ad
430 242 626 278 tumulum
645 241 783 278 Troiae
802 242 874 278 sub
900 242 1106 279 moenibus
1124 242 1214 280 altis

153 298 256 332 iussa
274 298 385 341 mori,
405 308 504 345 quae
523 298 685 332 sortitus
703 308 784 331 non
803 295 968 345 pertulit
986 295 1086 333 ullos

154 362 229 386 nec
249 351 407 385 victoris
427 351 483 385 eri
502 351 641 397 tetigit
659 351 813 397 captiva
828 348 955 385 cubile
971 349 977 384 !

155 416 227 439 nos
246 405 372 451 patria
391 405 551 450 incensa
572 402 724 438 diversa
743 415 814 451 per
832 415 1001 451 aequora
1020 407 1157 440 vectae
1257 405 1333 439 325

156 459 287 505 stirpis
308 455 511 492 Achilleae
531 455 654 492 fastus
672 458 935 504 iuvenemque
952 457 1178 505 superbum,

157 512 316 546 servitio
336 512 489 554 enixae,
508 509 693 553 tulimus;
722 512 789 559 qui
808 508 967 554 deinde,
986 515 1144 546 secutus

158 563 358 600 Ledaeam
381 563 628 599 Hermionen
648 562 1057 612 Lacedaemoniosque
1085 562 1336 612 hymenaeos,

158 630 222 653 me
243 616 389 653 famulo
408 616 674 665 famulamque
691 615 851 652 Heleno
866 618 1081 652 transmisit
1100 616 1334 654 habendam.

158 676 219 707 ast
242 670 354 707 illum
375 675 535 719 ereptae
556 683 701 718 magno
721 669 983 706 inflammatus
1002 683 1133 707 amore
1259 674 1335 707 330

159 726 338 773 coniugis
358 728 400 760 et
419 723 610 759 scelerum
634 723 757 759 Furiis
775 725 948 772 agitatus
968 723 1132 760 Orestes

160 780 308 826 excipit
327 779 529 813 incautum
550 779 774 826 patriasque
793 777 1004 813 obtruncat
1023 776 1073 813 ad
1092 790 1186 814 aras.

160 835 289 867 morte
312 830 565 879 Neoptolemi
586 843 802 879 regnorum
822 830 979 866 reddita
999 832 1120 867 cessit

160 897 248 933 pars
272 883 444 928 Heleno,
464 886 530 933 qui
550 883 744 920 Chaonios
763 886 997 932 cognomine
1017 897 1173 933 campos

162 937 456 986 Chaoniamque
477 949 635 973 omnem
655 937 824 973 Troiano
843 950 865 972 a
884 937 1043 973 Chaone
1063 937 1175 983 dixit,
1266 940 1339 973 335

164 991 434 1040 Pergamaque
456 990 694 1039 Iliacamque
713 993 814 1039 iugis
834 989 935 1026 hanc
954 990 1110 1027 addidit
1129 1003 1269 1027 arcem.

163 1045 232 1081 sed
253 1045 326 1081 tibi
346 1047 412 1093 qui
433 1057 588 1080 cursum
608 1047 731 1085 venti,
751 1056 851 1093 quae
870 1043 952 1080 fata
971 1043 1119 1081 dedere
1136 1045 1150 1080 ?

162 1103 231 1134 aut
251 1101 430 1148 quisnam
450 1100 630 1146 ignarum
649 1100 792 1134 nostris
812 1097 910 1134 deus
929 1097 1082 1146 appulit
1101 1100 1176 1134 oris
1193 1099 1207 1133 ?

163 1151 259 1200 quid
280 1165 377 1201 puer
399 1152 619 1187 Ascanius?
676 1155 889 1200 superatne
910 1155 952 1188 et
971 1153 1142 1188 vescitur
1161 1165 1265 1197 aura,

163 1218 281 1254 quem
302 1205 376 1241 tibi
395 1207 473 1240 iam
492 1204 608 1240 Troia
637 1232 644 1240 .
676 1234 682 1240 .
715 1205 752 1240 ,Ρ
1268 1208 1343 1241 340

164 1272 289 1307 ecqua
308 1263 442 1294 tamen
463 1271 586 1306 puero
606 1262 666 1294 est
685 1260 848 1294 amissae
868 1271 959 1294 cura
978 1260 1152 1307 parentis
1168 1259 1183 1294 ?

164 1311 307 1361 ecquid
326 1314 367 1347 in
386 1314 589 1360 antiquam
609 1313 798 1348 virtutem
816 1313 1044 1361 animosque
1063 1311 1183 1348 virilis
1293 1323 1346 1348 MP

165 1371 207 1402 et.
227 1370 339 1414 pater
359 1365 518 1401 Aeneas
539 1369 580 1401 et
598 1365 816 1401 avunculus
835 1367 982 1401 excitat
1005 1365 1185 1402 Hector?
1200 1364 1209 1378 '

165 1419 260 1454 talia
280 1418 474 1455 fundebat
492 1418 698 1454 lacrimans
717 1417 934 1467 longosque
955 1419 1086 1455 ciebat

165 1475 360 1508 incassum
379 1471 506 1516 fletus,
525 1485 614 1508 cum
634 1484 718 1508 sese
738 1485 759 1507 a
780 1472 985 1508 moenibus
1003 1471 1119 1508 heros
1271 1475 1345 1508 345

169 1526 386 1562 Priamides
405 1525 541 1561 multis
564 1524 745 1561 Helenus
764 1525 1044 1562 comitantibus
1063 1524 1205 1571 adfert,

168 1579 453 1628 adgnoscitque
473 1592 561 1615 suos
580 1579 786 1628 laetusque
805 1579 854 1614 ad
874 1579 1008 1614 limina
1027 1579 1138 1615 ducit

168 1638 210 1669 et
229 1633 398 1669 multum
417 1633 595 1668 lacrimas
614 1632 732 1668 verba
750 1635 856 1668 inter
874 1632 1028 1680 singula
1045 1632 1190 1668 fundit.

168 1686 338 1735 procedo
358 1691 399 1723 et
420 1699 575 1734 parvam
596 1685 751 1721 Troiam
771 1685 1031 1734 simulataque
1052 1688 1204 1734 magnis

171 1740 362 1788 Pergama
383 1744 424 1775 et
443 1744 623 1776 arentem
644 1738 794 1775 Xanthi
814 1741 1049 1787 cognomine
1068 1742 1194 1775 rivum
1272 1742 1347 1775 350

214 1820 257 1839 ³2⁷
282 1822 381 1852 enixe
397 1833 426 1858 α,
445 1822 604 1853 Donatus.

214 1863 258 1882 ³3⁰
282 1864 516 1895 inflammatus
534 1863 681 1903 le²a²bc
695 1876 704 1894 :
728 1863 923 1894 flammatus
938 1864 990 1894 the
1007 1864 1094 1894 other
1108 1863 1202 1894 MSS.

214 1905 261 1924 ³³⁰
288 1907 419 1938 Certain
443 1907 585 1947 inferior
606 1907 700 1937 MSS.
726 1906 871 1946 complete
893 1907 942 1937 the
961 1907 1028 1938 line
1047 1907 1231 1938 inwarz'ous
1257 1918 1347 1948 ways.

171 1950 231 1981 ,Sis
248 1951 286 1990 of
305 1950 385 1980 them
401 1950 470 1980 add
486 1950 617 1990 peperit
633 1951 786 1981 fumante
804 1950 940 1982 Creusa.

213 1992 257 2011 ³³⁶
283 1993 432 2023 Helenus
450 1993 568 2023 multis
584 1993 621 2023 P.

214 2035 258 2054 ³⁴³
284 2036 464 2067 lacrimans
480 2034 615 2074 JI²P71‚
635 2035 749 2066 known
766 2039 796 2066 to
814 2034 955 2068 Servius.

174 2080 249 2117 370
