1430 2335
630 100 821 138 VIRGIL

138 189 213 213 nec
231 189 351 222 mora,
371 188 444 213 nec
463 179 642 226 requies;
671 190 787 227 quam
806 176 932 213 multa
949 176 1141 226 grandine
1160 178 1284 214 nimbi

138 230 374 266 culminibus
393 232 604 279 crepitant,
623 233 678 267 sie
697 230 830 267 densis
848 231 990 267 ictibus
1009 231 1124 267 heros

138 284 276 320 creber
293 289 459 333 utraque
478 297 596 320 manu
616 283 747 334 pulsat
765 289 971 333 versatque
992 284 1151 321 Dareta.
1234 283 1311 320 460

190 337 291 373 Tum
311 341 423 386 pater
444 337 601 373 Aeneas
620 337 836 385 procedere
856 337 1011 386 longius
1032 340 1107 373 iras

138 395 178 426 et
199 393 345 426 saevire
366 392 504 426 animis
525 390 727 426 Entellum
749 390 853 426 haud
873 403 1008 439 passus
1027 392 1191 434 acerbis,

137 443 206 479 sed
226 443 344 480 finem
363 446 550 492 imposuit
568 457 726 493 pugnae
745 443 970 493 fessumque
993 444 1140 480 Dareta

137 499 294 546 eripuit,
314 497 492 533 muleens
513 497 642 542 dictis,
661 510 706 533 ac
727 497 820 533 talia
839 497 966 534 fatur:

137 554 160 570 ‘·'
173 551 326 595 infelix,
346 563 445 600 quae
463 555 577 587 tanta
595 553 771 586 animum
793 551 995 586 dementia
1014 551 1149 599 cepit?
1235 549 1310 587 465

135 617 213 639 non
234 607 323 639 viris
342 605 436 640 alias
455 617 720 653 conversaque
740 606 902 639 numina
921 605 1072 640 sentis?

135 658 233 693 cede
253 657 367 695 deo.'’
423 657 602 706 dixitque
622 662 663 695 et
682 657 830 706 proelia
850 670 943 694 voce
963 657 1133 693 diremit.

134 716 194 747 ast
213 711 324 746 illum
345 710 411 747 fidi
429 711 627 760 aequales,
645 724 775 759 genua
793 724 911 759 aegra
929 710 1155 747 trahentem

135 767 430 814 iactantemque
450 770 618 814 utroque
638 769 756 813 caput
777 777 1025 813 crassumque
1046 777 1225 800 cruorem

135 830 201 854 ore
224 821 465 854 eiectantem
483 821 706 867 mixtosque
726 821 767 854 in
786 820 979 866 sanguine
999 817 1155 862 dentes,
1233 819 1310 855 470

134 871 287 907 ducunt
306 871 355 907 ad
374 874 483 907 navis
499 885 507 915 3
542 871 774 920 galeamque
793 884 1008 920 ensemque
1027 874 1155 907 vocati

134 928 347 974 accipiunt,
366 925 537 973 palmam
557 925 718 961 Entello
738 930 973 974 taurumque
992 925 1233 974 relinquunt.

133 978 197 1015 hic
217 981 354 1023 victor,
374 991 561 1027 superans
581 981 720 1014 animis
742 983 931 1027 tauroque
951 978 1156 1027 superbus,

134 1036 158 1053 “
173 1037 267 1069 nate
289 1032 362 1068 (lea
378 1045 523 1081 vosque
543 1031 678 1076 haec,''
700 1034 840 1080 inquit,
863 1036 886 1052 ‘⁶
900 1034 1140 1080 cognoscite,
1154 1031 1308 1075 Teucri,

134 1091 175 1122 et
195 1086 292 1122 mihi
312 1099 412 1135 quae
434 1086 582 1122 fuerint
603 1086 773 1122 iuvenali
794 1088 833 1120 in
854 1097 1016 1133 corpore
1036 1087 1148 1130 vires,
1231 1086 1306 1122 475

134 1144 175 1176 et
194 1152 269 1188 qua
289 1140 455 1175 servetis
474 1144 701 1175 revocatum
720 1152 741 1174 a
761 1144 888 1175 morte
910 1138 1097 1175 Dareta.”

133 1193 235 1229 dixit
254 1198 295 1229 et
314 1193 468 1229 adversi
489 1198 625 1228 contra
645 1195 758 1228 stetit
778 1205 844 1227 ora
863 1194 1031 1236 iuvenci,

133 1249 198 1295 qui
219 1246 368 1282 donum
386 1245 569 1282 adstabat
590 1258 759 1295 pugnae,
779 1245 975 1294 durosque
994 1244 1159 1281 reducta

132 1299 290 1336 libravit
309 1299 447 1336 dextra
468 1299 597 1335 media
619 1302 723 1335 inter
742 1311 887 1335 cornua
907 1304 1074 1343 caestus,

131 1353 289 1398 arduus,
309 1353 548 1402 effractoque
569 1352 693 1388 inlisit
712 1355 751 1387 in
768 1365 853 1388 ossa
873 1353 1059 1388 cerebro:
1231 1357 1307 1388 480

131 1410 321 1443 sternitur
340 1409 611 1455 exanimisque
631 1411 807 1442 tremens
826 1405 1050 1454 procumbit
1070 1404 1178 1440 humi
1198 1406 1278 1443 bos.

130 1460 197 1496 ille
219 1474 335 1509 super
354 1460 443 1496 talis
464 1459 630 1495 effundit
652 1464 812 1508 pectore
834 1471 947 1495 voces
965 1472 973 1495 :

132 1518 153 1534 ‘³
170 1513 271 1549 hanc
284 1515 369 1556 tibi,
383 1513 500 1561 Eryx,
516 1513 717 1549 meliorem
732 1515 902 1548 animam
918 1525 989 1561 pro
1003 1516 1130 1548 morte
1148 1511 1306 1549 Daretis

131 1567 312 1616 persolvo
330 1579 338 1610 ;
368 1567 431 1602 hic
451 1569 575 1602 victor
595 1572 749 1602 caestus
769 1571 974 1615 artemque
993 1564 1181 1614 reponO.’'

184 1620 366 1657 Protinus
388 1621 543 1656 Aeneas
563 1620 683 1656 celeri
703 1625 856 1655 certare
877 1622 1023 1668 sagitta
1229 1622 1304 1655 485

129 1677 271 1710 invitat
293 1677 357 1723 qui
378 1673 482 1709 forte
504 1673 629 1709 velint
650 1679 690 1709 et
711 1675 884 1721 praemia
904 1675 1017 1721 ponit

129 1730 363 1777 ingentique
383 1740 502 1763 manu
524 1727 669 1763 malum
692 1726 741 1763 de
763 1739 861 1762 nave
882 1725 1030 1762 Seresti

173 1796 219 1814 ⁴⁷⁰
243 1807 300 1828 ore
327 1798 529 1827 eiectantem
556 1793 650 1834 P7v¹t
687 1805 744 1827 ore
773 1795 958 1826 iectantem
989 1795 1048 1826 M:
1088 1804 1144 1825 ore
1176 1796 1305 1826 iactan-

128 1842 195 1870 tem
213 1840 258 1870 R:
279 1849 335 1870 ore
349 1840 564 1870 reiectantem
581 1836 630 1877 7².

171 1881 218 1900 ⁴¹⁷³
240 1883 355 1913 animo
379 1882 412 1913 Γ.
547 1880 592 1899 ⁴⁷⁷
616 1882 724 1912 aversi
739 1882 778 1912 P.
914 1879 960 1898 ⁴5⁰
985 1881 1019 1911 in
1035 1880 1164 1910 omitted
1181 1880 1219 1911 R.

172 1924 215 1942 *ἢ
241 1926 370 1964 reponit
387 1925 426 1961 R,
446 1924 577 1955 Servius
592 1938 600 1955 :
622 1934 739 1962 repon-
766 1922 815 1956 1'2.

174 1968 218 1986 ³³⁶
241 1969 337 2008 pouit
354 1968 421 1998 MR
431 1968 463 2003 V,
482 1968 613 1998 Nonius
627 1980 635 1997 .·
655 1966 734 1998 dleit
752 1968 814 2006 1¹7.

128 2021 203 2059 476
