1430 2335
648 80 842 117 VIRGIL

158 160 391 201 extremam,
411 160 456 192 ut
476 155 704 204 perhibent,
725 157 829 194 Coeo
848 157 1129 207 Enceladoque
1149 170 1320 195 sororem

159 212 386 258 progenuit,
404 210 574 259 pedibus
595 210 767 247 celerem
788 215 829 247 et
848 212 1071 260 pernicibus
1091 212 1174 256 alis,
1265 216 1336 248 180

159 268 380 298 monstrum
401 262 655 310 horrendum,
678 266 833 313 ingens,
853 267 927 309 cui,
948 270 1045 315 quot
1064 270 1156 302 sunt
1176 278 1337 314 corpore

263 316 436 365 plumae,

159 374 220 405 tot
239 369 379 418 vigiles
399 370 499 406 oculi
519 371 657 407 subter
675 369 872 422 (mirabile
892 370 1031 422 dictu),

158 428 219 458 tot
237 423 411 472 linguae,
427 423 597 460 totidem
618 437 683 460 ora
702 430 856 470 sonant,
876 430 938 462 tot
957 426 1126 473 subrigit
1144 429 1257 462 auris.

157 481 275 512 nocte
296 477 401 513 volat
420 477 518 513 caeli
539 477 670 514 medio
690 483 898 528 terraeque
919 492 990 528 per
1007 480 1198 522 umbram,

159 530 345 575 stritlens,
366 543 440 567 nec
460 530 565 567 dulci
585 531 762 568 declinat
781 532 930 568 lumina
950 545 1108 575 somno;
1266 536 1337 568 185

159 583 247 620 luce
269 584 384 620 sedet
403 589 534 620 custos
553 590 621 620 aut
637 588 779 621 summi
799 585 970 622 culmine
989 588 1103 631 tecti,

159 637 332 673 turribus
351 642 420 674 aut
439 638 541 681 altis,
563 644 604 674 et
623 652 786 688 magnas
806 642 964 676 territat
983 640 1111 685 urbes,

160 696 241 726 tam
262 690 341 727 ficti
362 693 548 740 pravique
562 696 681 728 tenax
702 705 818 742 quam
840 696 980 729 nuntia
998 695 1092 729 veri.

159 744 258 780 haec
279 749 361 780 tum
382 744 593 793 multiplici
609 748 774 794 populos
795 759 973 782 sermone
993 747 1175 795 replebat

159 797 350 845 gaudens,
371 804 412 834 et
432 801 579 847 pariter
598 798 702 835 facta
723 805 842 848 atque
862 799 1010 836 infecta
1032 801 1222 837 canebat:
1267 804 1338 842 190

160 853 314 887 venisse
336 852 516 897 Aenean,
537 851 705 889 Troiano
724 856 916 901 sanguine
936 858 1101 897 cretum,

161 906 222 940 cui
244 917 284 940 se
306 904 470 952 pulchra
489 907 570 940 viro
590 905 779 955 dignetur
799 909 964 956 iungere
987 906 1114 950 Dido;

159 970 265 993 nunc
286 957 460 994 hiemem
480 961 586 995 inter
605 972 645 995 se
661 959 768 1005 luxu,
784 973 900 1009 quam
920 960 1050 1009 longa,
1072 960 1206 997 fovere

159 1024 371 1060 regnorum
392 1015 640 1048 immemores
655 1016 840 1062 turpique
863 1014 1048 1062 cupidine
1069 1020 1213 1063 captos.

161 1064 258 1100 haec
278 1068 422 1113 passim
443 1066 518 1102 dea
538 1066 654 1102 foeda
674 1069 799 1102 virum
821 1067 1010 1103 diffundit
1029 1070 1067 1103 in
1089 1081 1164 1105 ora.
1268 1072 1337 1109 195

159 1121 339 1167 protinus
359 1118 408 1154 ad
429 1132 565 1167 regem
586 1133 719 1156 cursus
735 1117 952 1170 ’detorquet
969 1120 1110 1156 Iarban

158 1172 417 1221 incenditque
432 1176 607 1209 animum
627 1173 744 1209 dictis
762 1179 883 1223 atque
902 1177 1170 1223 aggeratiias.
1196 1188 1199 1190 ’
1258 1187 1339 1211 MPR

215 1224 294 1261 Hic
316 1226 542 1262 Hammone
562 1232 681 1272 satus,
701 1232 813 1275 rapta
834 1227 1119 1264 Garamantide
1140 1228 1339 1278 Nympha,

160 1278 311 1327 templa
333 1279 416 1315 Iovi
436 1285 597 1316 centum
619 1280 708 1317 latis
728 1283 912 1316 immania
931 1283 1075 1329 regnis,

160 1337 321 1369 centum
342 1345 426 1368 aras
445 1336 578 1382 posuit
599 1334 838 1383 vigilemque
858 1339 1076 1371 sacraverat
1094 1338 1242 1383 ignem,
1262 1339 1339 1371 200

160 1386 344 1422 excubias
364 1386 499 1422 divum
517 1391 722 1432 aeternas3
751 1388 1031 1436 pecudumque
1044 1401 1180 1425 cruore

159 1443 307 1488 pingue
324 1439 450 1476 solum
471 1446 511 1476 et
532 1443 646 1477 variis
665 1440 844 1477 florentia
864 1441 1001 1476 limina
1020 1444 1145 1478 sertis.

160 1497 271 1542 isque
291 1506 427 1529 amens
447 1496 567 1530 animi
587 1499 629 1530 et
648 1507 804 1531 rumore
819 1507 1006 1530 accensus
1026 1508 1158 1531 amaro

159 1547 306 1582 dicitur
324 1552 417 1583 ante
436 1560 520 1583 aras
540 1548 671 1583 media
690 1550 796 1584 inter
813 1550 976 1584 numina
995 1547 1130 1584 divum

160 1600 286 1636 multa
307 1599 440 1636 Iovem
462 1601 642 1637 manibus
663 1601 831 1650 supplex
852 1613 982 1637 orasse
1004 1604 1177 1650 supinis:
1262 1606 1338 1639 205

160 1658 184 1674 “
197 1653 378 1703 luppiter
395 1656 661 1702 omnipotens,
681 1657 743 1690 cui
763 1667 868 1690 nuuc
891 1654 1088 1691 Maurusia
1108 1658 1224 1704 pictis

159 1719 257 1755 gens
279 1706 437 1755 epulata
458 1710 553 1744 toris
574 1707 776 1743 Lenaeum
798 1708 896 1743 libat
916 1707 1118 1753 honorem,

158 1763 303 1809 aspicis
323 1759 453 1796 haec?
508 1774 558 1796 an
579 1766 635 1806 te,
654 1763 826 1809 genitor,
846 1774 935 1797 cum
955 1760 1119 1797 fulmina
1139 1766 1312 1811 torques,

288 1845 331 1865 ¹⁷⁹
356 1850 508 1878 extrema
524 1847 580 1879 121.
839 1847 882 1866 ¹3⁷
910 1858 1051 1887 magnas
1067 1851 1098 1879 et
1116 1847 1181 1881 311.

288 1889 332 1908 ¹⁵¹¹
357 1900 375 1920 a
391 1891 555 1929 sanguine
572 1892 610 1922 R.

291 1931 335 1951 ¹⁹⁶
357 1943 457 1964 cursu
475 1931 520 1962 1¹²
537 1945 542 1963 2
568 1944 704 1964 cursum
719 1946 751 1973 Ὑ,
765 1934 908 1965 Nonius.

290 1976 333 1994 ²⁰²
357 1976 513 2014 numina]
531 1987 671 2007 munera
687 1976 799 2008 known
817 1982 846 2008 to
864 1977 1006 2008 Servius.

159 2034 235 2066 408
