1430 2335
679 97 871 134 VIRGIL

187 188 265 211 non
285 177 459 211 animum
479 174 596 211 modo
616 177 673 212 uti
689 180 825 224 pascat
839 181 1070 225 prospectus
1086 179 1257 223 inanem,
1289 179 1363 216 285

186 228 255 265 sed
276 231 367 277 quia
386 241 465 264 non
484 228 600 265 aliter
619 231 710 265 viris
730 228 842 266 dabit
861 231 1042 266 omnibus
1062 243 1206 279 aequas

186 288 291 318 terra
310 294 441 331 neque
460 284 501 317 in
522 295 687 318 vacuum
708 287 896 331 poterunt
916 296 957 320 se
979 283 1198 320 extendere
1219 287 1325 323 rami.

240 335 420 371 Forsitan
440 340 481 371 et
502 335 704 372 scrobibus
725 349 824 385 quae
845 339 924 373 sint
944 336 1101 385 fastigia
1121 350 1294 387 quaeras.

185 391 308 424 ausim
329 388 392 424 vel
412 391 525 425 tenui
545 391 665 425 vitem
688 392 938 426 committere
959 390 1075 427 sulco.

186 442 300 478 altior
320 455 364 477 ac
384 444 544 490 penitus
564 447 693 478 terrae
714 442 901 491 defigitur
920 444 1046 488 arbos,
1288 445 1363 483 290

185 495 363 532 aesculus
383 498 423 531 in
444 498 590 544 primis,
612 509 711 545 quae
731 502 924 545 quantum
944 500 1092 533 vertice
1113 497 1162 534 ad
1182 511 1293 535 auras

184 548 394 594 aetherias,
413 554 571 585 tantum
591 549 722 586 radice
743 553 782 585 in
804 550 964 586 Tartara
984 550 1127 587 tendit.

185 615 279 651 ergo
299 615 379 638 non
400 602 551 639 hiemes
571 602 691 649 illam,
712 616 790 639 non
812 603 929 639 flabra
950 616 1080 653 neque
1100 605 1246 642 imbres

185 655 437 699 convellunt;
467 658 630 692 immota
649 662 797 701 manet,
818 657 1042 706 multosque
1063 663 1243 706 nepotes,

184 709 309 745 multa
329 712 454 745 virum
475 709 635 746 volvens
655 710 834 746 durando
855 711 1009 747 saecula
1030 713 1162 748 vincit.
1288 712 1363 749 295

184 768 269 799 tum
290 762 401 799 fortis
421 763 501 799 late
522 776 648 799 ramos
668 768 709 800 et
729 763 909 800 bracchia
929 764 1101 801 tendens

184 816 261 853 huc
281 816 387 861 illuc,
407 816 537 852 media
557 819 639 864 ipsa
659 819 865 865 ingentem
887 821 1058 854 sustinet
1078 819 1267 857 umbram.

238 870 349 906 Neve
370 871 442 906 tibi
462 870 511 906 ad
531 870 655 906 solem
676 876 843 919 vergant
864 873 996 907 vineta
1016 871 1238 918 cadentem,

185 936 284 960 neve
305 926 411 960 inter
431 926 520 960 vitis
541 923 715 973 corylum
736 937 835 969 sere,
855 937 955 961 neve
975 924 1131 974 flagella
1266 924 1364 977 [MPR

184 990 337 1013 summa
359 981 452 1026 pete
473 982 542 1013 aut
563 990 714 1013 summa
734 977 918 1026 defringe
939 991 987 1015 ex
1007 978 1144 1015 arbore
1164 979 1319 1028 plantas

186 1030 337 1080 (tantus
358 1043 466 1066 amor
485 1029 646 1081 ter,rae)
667 1043 744 1067 neu
766 1008 892 1068 ferr⁷³o
891 1031 1003 1068 laede
1024 1037 1187 1069 retunso
1287 1034 1360 1071 301

184 1087 347 1128 semina,
367 1097 467 1120 neve
487 1084 599 1121 oleae
620 1084 808 1121 silvestris
829 1087 957 1121 insere
981 1090 1148 1122 truncos

184 1151 275 1173 nam
296 1150 414 1186 saepe
435 1140 602 1174 incautis
622 1139 843 1186 pastoribus
864 1138 1013 1175 excidit
1037 1142 1152 1187 ignis,

184 1194 250 1241 qui
271 1191 406 1227 furtim
429 1194 567 1240 pingui
586 1194 755 1240 primum
776 1192 848 1228 sub
868 1194 1013 1228 cortice
1033 1198 1164 1229 tectus

184 1245 322 1281 robora
342 1244 604 1293 comprendit,
624 1244 864 1294 frondesque
885 1245 1040 1294 elapsus
1059 1248 1101 1281 in
1120 1246 1219 1283 altas
1289 1248 1362 1286 305

184 1301 391 1347 ingentem
412 1298 521 1334 caelo
541 1300 713 1335 sonitum
734 1298 871 1342 dedit3
899 1299 992 1335 inde
1011 1304 1170 1336 secutus

184 1365 255 1401 per
274 1364 401 1388 ramos
421 1355 545 1388 victor
559 1364 708 1401 perque
729 1352 807 1388 alta
828 1355 1031 1388 cacumina
1050 1359 1204 1402 regnat,

184 1411 225 1442 et
245 1410 375 1442 totum
395 1405 558 1442 involvit
577 1404 740 1442 flammis
761 1418 900 1442 nemus
920 1411 962 1442 et
981 1408 1060 1443 ruit
1079 1412 1204 1444 atram

183 1459 231 1495 ad
254 1459 406 1495 caelum
428 1462 538 1508 picea
559 1471 709 1495 crassus
730 1459 898 1507 caligine
919 1460 1080 1506 nubem,

183 1515 416 1561 praesertim
438 1515 468 1548 si
489 1517 706 1561 tempestas
726 1526 747 1548 a
768 1515 915 1549 vertice
936 1513 1041 1549 silvis
1287 1516 1364 1553 310

183 1566 374 1611 incubuit,
396 1565 670 1615 glomeratque
693 1566 823 1602 ferens
844 1566 1027 1602 incendia
1049 1572 1200 1604 ventus.

185 1620 258 1655 hoc
279 1619 358 1664 ubi,
380 1632 459 1655 non
479 1633 501 1655 a
521 1622 644 1668 stirpe
664 1619 799 1656 valent
820 1632 1035 1669 caesaeque
1059 1623 1204 1657 reverti

270 1688 312 1707 ²3⁷
338 1698 372 1719 se
387 1689 518 1719 omitted
535 1687 604 1720 PR.
650 1725 655 1728 ¹
953 1688 996 1707 ²⁹²
1020 1688 1168 1721 radicem
1186 1689 1267 1722 MP.

271 1731 313 1749 ²⁹¹
339 1741 398 1771 per
414 1742 520 1762 annos
543 1732 579 1762 V.

269 1775 312 1792 m
336 1774 426 1805 oleas
444 1774 495 1813 M,
515 1775 638 1806 whence
654 1773 728 1805 olea
756 1774 897 1815 Waqner
910 1783 921 1805 .·
945 1774 1039 1805 oleae
1055 1775 1127 1812 PR,
1142 1775 1288 1809 Servius.

228 1861 238 1878 ¹
263 1862 314 1892 z'.e.
336 1861 421 1891 with
439 1861 498 1891 the
515 1860 631 1892 fertile
649 1860 750 1897 olive,
766 1859 909 1891 because
922 1861 957 1891 in
971 1871 1046 1891 case
1063 1861 1098 1892 of
1114 1861 1173 1892 fire
1184 1862 1244 1893 the
1257 1862 1362 1893 latter

183 1902 297 1934 would
309 1902 350 1933 be
361 1903 555 1944 destroyed,
570 1903 637 1934 and
650 1903 708 1934 the
719 1885 751 1934 fr
755 1903 812 1934 esh
823 1914 915 1944 grow
920 1903 958 1935 th
970 1914 999 1934 w
1003 1903 1083 1934 ould
1095 1905 1223 1935 consist
1236 1905 1361 1946 wholly

183 1946 218 1976 of
234 1946 292 1976 tho
309 1945 391 1976 wild
407 1946 474 1976 olix
479 1956 505 1977 e.
555 1946 680 1977 Others
697 1945 758 1977 tal
762 1956 779 1976 e
796 1957 900 1977 insere
912 1957 948 1977 as
967 1959 1000 1973 =
1013 1948 1189 1985 inlersere(
1181 1947 1234 1989 (‘'·f
1250 1947 1271 1979 1.
1287 1949 1359 1987 299)

183 1988 250 2019 uid
266 1999 413 2029 suppose
435 1989 513 2020 that
536 1989 568 2019 ἲ
573 1989 651 2029 ngil
675 1988 806 2019 forbids
823 2000 862 2020 us
879 1992 916 2020 to
931 1989 1030 2030 plant
1053 1989 1216 2021 oleastexs
1239 2001 1362 2032 among

187 2049 255 2085 136
