1430 2335
666 83 858 120 VIRGIL

172 161 322 195 amissis
341 160 456 194 remis
476 163 595 208 atque
614 159 752 196 ordine
771 159 912 196 debilis
931 172 1022 204 uno,

172 214 330 247 inrisam
351 214 434 248 sine
455 211 604 248 honore
624 218 749 249 ratem
769 212 976 262 Sergestus
994 213 1150 261 agebat.

172 265 297 314 qualis
316 278 432 313 saepe
452 268 536 301 viae
555 266 774 315 deprensus
793 269 834 301 in
851 279 997 315 aggere
1017 278 1191 314 serpens,

172 331 287 354 aerea
306 332 424 368 quem
442 319 646 368 obliquum
666 324 752 356 rota
770 322 925 356 transiit
943 324 1012 355 aut
1030 321 1157 367 gravis
1175 321 1256 355 ictu

173 374 414 408 seminecem
433 372 550 421 liquit
569 386 660 409 saxo
678 372 931 422 lacerumque
952 375 1076 409 viator
1094 385 1103 416 ;
1272 373 1345 409 275

172 428 413 474 nequiquam
431 425 570 474 longos
588 426 747 475 fugiens
767 426 836 462 dat
849 439 1010 474 corpore
1031 431 1171 470 tortus,

172 483 285 527 parte
304 478 414 515 ferox
432 479 654 528 ardensque
673 479 795 516 oculis
811 485 852 516 et
870 479 982 516 sibila
1001 479 1100 516 colla

172 532 316 568 arduus
334 531 521 568 attollens
539 546 547 576 ;
574 546 662 582 pars
681 533 841 570 volnere
860 533 998 569 clauda
1018 537 1193 569 retentat

172 588 376 622 nixantem
397 586 510 621 nodis
529 599 648 636 seque
668 589 708 622 in
724 599 792 623 sua
810 587 986 623 membra
1006 586 1242 635 plicantem:

172 639 243 675 tali
261 641 426 688 remigio
445 640 554 676 navis
574 653 614 676 se
634 640 746 676 tarda
764 640 949 676 movebat
967 652 975 683 ;
1272 641 1348 673 280

172 692 258 729 vela
278 692 372 729 facit
391 698 526 730 tamen
547 699 586 730 et
606 693 733 742 plenis
752 694 856 730 subit
877 696 975 730 ostia
994 693 1101 729 velis.

172 746 405 795 Sergestum
425 747 582 783 Aeneas
602 750 791 796 promisso
810 760 974 783 munere
994 746 1129 792 donat,

172 805 366 836 servatam
386 800 435 836 ob
455 813 596 837 navem
616 801 744 837 laetus
759 803 961 850 sociosque
981 800 1176 836 reductos.

172 854 240 889 olli
259 866 368 889 serva
387 853 516 898 datur,
536 867 700 903 operum
720 854 825 890 haud
844 856 979 903 ignara
1000 854 1216 897 Minervae,

173 908 309 943 Cressa
327 920 466 955 genuS,
488 907 646 952 Pholoe,
667 910 894 956 geminique
914 908 985 943 sub
1005 908 1126 943 ubere
1147 908 1240 942 nati.
1273 909 1346 941 285

227 961 317 996 Hoc
338 963 424 1008 pius
446 963 601 997 Aeneas
622 964 739 997 misso
759 963 975 997 certamine
997 960 1130 996 tendit

171 1017 417 1063 gramineum
432 1016 473 1050 in
493 1028 686 1063 campum,
703 1028 821 1063 quem
847 1014 1011 1050 collibus
1029 1013 1203 1062 undique
1223 1013 1349 1048 curvis

171 1068 387 1116 cingebant
406 1067 540 1113 silvae,
554 1067 765 1117 mediaque
784 1070 825 1104 in
845 1067 945 1103 valle
966 1067 1111 1104 theatri

171 1124 295 1158 circus
316 1125 421 1164 e1·at;
452 1135 529 1170 quo
549 1135 589 1158 se
605 1121 739 1157 multis
759 1134 848 1157 cum
867 1121 1025 1157 milibus
1044 1120 1159 1156 heros

171 1188 355 1212 consessu
375 1175 550 1210 inedium
572 1175 664 1211 tulit
683 1180 963 1224 exstructoque
982 1174 1141 1210 resedit.
1273 1175 1347 1214 290

170 1228 246 1273 hic,
267 1230 333 1277 qui
352 1227 455 1265 forte
475 1228 600 1265 velint
622 1228 758 1277 rapido
778 1228 1021 1264 contendere
1041 1240 1170 1272 cursu,

172 1284 314 1318 invitat
337 1284 474 1329 pretiis
494 1285 656 1326 animos,
678 1286 719 1318 et
739 1284 911 1330 praemia
933 1284 1054 1330 ponit.

171 1336 345 1385 undique
366 1338 607 1371 conveniunt
621 1334 763 1372 Teucri
782 1338 976 1384 mixtique
997 1334 1140 1379 Sicani,
1270 1344 1349 1368 Men

171 1389 288 1425 Nisus
308 1393 349 1425 et
369 1387 561 1438 Euryalus
586 1391 714 1437 primi,

171 1442 364 1492 Euryalus
388 1441 509 1478 forma
530 1445 694 1491 insignis
714 1441 907 1491 viridique
929 1443 1102 1485 iuventa,
1273 1443 1346 1481 295

173 1496 289 1532 Nisus
307 1510 439 1533 amore
459 1499 524 1544 pio
544 1498 678 1544 pueri3
707 1508 803 1544 quos
822 1494 968 1531 deinde
988 1499 1146 1530 secutus

171 1552 302 1598 regius
323 1552 484 1598 egregia
506 1549 649 1585 Priami
670 1548 720 1585 de
742 1551 863 1597 stirpe
884 1548 1048 1590 Diores;

171 1602 277 1639 hunc
299 1604 425 1640 Salius
445 1602 558 1639 simul
586 1608 628 1639 et
650 1602 810 1647 Patron,
829 1614 994 1651 quorum
1015 1600 1115 1636 alter
1134 1600 1331 1646 Acarnan,

171 1656 272 1692 alter
290 1658 339 1693 ab
362 1656 529 1693 Arcadio
547 1655 754 1705 Tegeaeae
774 1657 967 1703 sanguine
987 1656 1140 1702 gentis;

172 1715 256 1746 tum
276 1710 355 1747 duo
374 1710 564 1746 Trinacrii
583 1712 758 1755 iuvenes,
774 1708 970 1758 Helymus
988 1708 1255 1756 Panopesque,
1273 1710 1347 1743 300

256 1802 302 1822 ²⁷⁸
328 1805 466 1835 vulnera
481 1804 519 1835 P.
568 1803 675 1835 cauda
690 1800 791 1833 M1P²
802 1802 836 1833 V.

257 1845 303 1865 ²⁷⁹
328 1847 504 1878 nixantem
522 1847 591 1877 MP
604 1857 614 1876 .·
637 1849 820 1877 nexantem
836 1846 910 1885 RV,
928 1844 1093 1876 Priscian.

257 1888 304 1908 ²⁸⁰
328 1890 457 1921 ferebat
473 1890 515 1921 P.

258 1931 304 1950 ²⁸¹
329 1933 437 1972 plenis
461 1956 468 1962 .
495 1957 500 1962 .
526 1957 531 1962 .
561 1932 644 1962 velis
664 1932 719 1963 JI:
744 1932 827 1962 veli2:
852 1955 858 1963 .
889 1954 894 1961 .
923 1955 928 1962 .
949 1930 1057 1970 plenis
1068 1930 1156 1961 other
1172 1930 1266 1962 MSS.

258 1974 305 1994 ²⁸⁵
331 1976 432 2006 ubera
450 1974 573 2005 MPlJss.

174 2028 249 2067 464
