1430 2335
654 101 709 137 VI
719 100 849 138 RGIL

155 177 386 212 instruimus
405 188 560 213 mensas
578 178 734 226 arisque
756 179 982 226 reponimus
1001 179 1137 226 ignem
1153 189 1164 223 ;

155 250 309 274 rursum
330 250 377 274 ex
397 238 552 275 diverso
571 238 668 275 caeli
689 241 893 288 caecisque
913 238 1075 276 latebris

154 298 271 335 turba
290 312 431 336 sonans
449 300 635 349 praedam
652 300 820 349 pedibus
835 300 1088 337 circumvolat
1107 303 1232 346 uncis,

154 359 298 409 polluit
316 374 383 398 ore
402 361 535 410 dapes
592 364 705 398 sociis
725 366 835 408 tunc,
854 374 961 398 arma
980 367 1199 411 capessant,

154 421 281 468 edico,
301 428 342 459 et
362 422 446 459 dira
465 423 615 459 bellum
635 436 724 460 cum
744 428 867 472 gente
888 423 1120 473 gerendum,
1260 426 1336 459 235

153 483 260 520 haud
279 497 391 522 secus
410 498 455 521 ac
474 487 566 521 iussi
586 484 738 522 faciunt
755 490 963 535 tectosque
983 498 1054 534 per
1074 485 1235 522 herbam

153 545 371 595 disponunt
390 549 493 584 ensis
514 552 556 584 et
575 552 686 583 scuta
703 546 873 584 latentia
893 547 1082 584 condunt.

154 620 249 656 ergo
268 609 336 644 ubi
361 608 546 658 delapsae
561 611 736 645 sonitum
755 622 826 658 per
845 621 961 645 curva
981 609 1128 646 dedere

152 668 281 716 litora,
299 669 370 707 dat
388 673 545 720 signum
565 671 725 720 specula
746 671 925 708 Misenus
944 670 993 707 ab
1008 671 1088 707 alta

151 744 242 768 aere
263 745 366 770 cavo.
422 733 618 769 invadunt
637 735 730 769 socii
751 738 793 770 et
811 745 912 769 nova
931 732 1081 782 proelia
1102 737 1316 782 temptant,

151 794 342 831 obscenas
362 794 493 844 pelagi
512 795 617 831 ferro
636 794 796 832 foedare
815 795 997 832 volucris.
1259 798 1331 830 ί,241

152 856 221 892 sed
242 869 373 906 neque
392 860 470 892 vim
494 857 636 905 plumis
656 856 779 893 ullam
798 869 873 893 nec
893 856 1054 893 volnera
1073 862 1189 905 tergo

150 916 364 962 accipiunt,
384 914 583 963 celerique
603 914 699 963 fuga
716 914 790 950 sub
809 913 938 950 sidera
955 913 1088 962 lapsae

151 987 344 1011 semesam
364 976 553 1024 praedam
572 980 615 1013 et
632 978 801 1025 vestigia
821 974 937 1012 foeda
956 975 1200 1025 relinquunt.

152 1046 229 1069 una
250 1035 289 1069 in
310 1033 512 1082 praecelsa
531 1033 712 1070 consedit
732 1046 829 1082 rupe
850 1033 1037 1079 Celaeno,
1254 1037 1332 1070 245

151 1090 291 1126 infelix
312 1096 434 1136 vates,
454 1093 684 1140 rumpitque
706 1091 806 1127 hanc
827 1095 989 1139 pectore
1009 1104 1147 1128 vocem
1165 1104 1172 1127 ε

151 1152 163 1169 ‘
178 1148 329 1184 bellum
350 1151 470 1185 etiam
490 1161 560 1197 pro
580 1147 702 1184 caede
723 1148 842 1184 boum
862 1151 1074 1198 stratisque
1093 1151 1282 1194 iuvencis,

153 1205 532 1250 Laomedontiadae,
553 1205 755 1242 bellumne
777 1204 923 1242 inferre
946 1208 1092 1254 paratis

151 1267 193 1299 et
214 1265 340 1312 patrio
363 1263 559 1312 Harpyias
577 1265 744 1298 insontis
765 1262 914 1311 pellere
934 1264 1086 1312 regno?

150 1323 320 1370 accipite
342 1334 437 1371 ergo
456 1322 597 1357 animis
617 1325 736 1369 atque
757 1320 855 1356 haec
876 1332 964 1356 mea
983 1320 1094 1369 figite
1114 1321 1232 1358 dicta.
1257 1326 1333 1358 250

151 1392 252 1428 quae
276 1377 435 1416 Phoebo
455 1383 568 1427 pater
587 1381 854 1426 omnipotens,
870 1377 966 1413 mihi
987 1377 1169 1415 Phoebus
1191 1379 1334 1428 Apollo

150 1435 360 1485 praedixit,
377 1436 486 1472 vobis
508 1436 711 1472 Furiarum
731 1448 806 1484 ego
825 1437 994 1471 maxima
1014 1435 1155 1485 pando.

152 1493 307 1530 Italiam
327 1506 440 1530 cursu
462 1496 612 1542 petitis,
631 1495 840 1542 ventisque
860 1495 1008 1529 vocatis

149 1552 256 1588 ibitis
278 1550 433 1588 Italiam
455 1557 669 1601 portusque
689 1553 836 1587 intrare
856 1550 1018 1595 licebit;

151 1609 221 1646 sed
240 1623 319 1647 non
339 1615 433 1646 ante
453 1609 588 1646 datam
608 1611 778 1657 cingetis
797 1609 1005 1645 moenibus
1024 1609 1176 1654 urbem,
1256 1614 1331 1648 255

149 1680 264 1716 quam
286 1680 353 1704 vos
374 1667 459 1704 dira
478 1667 602 1704 fames
622 1671 860 1716 nostraeque
879 1668 1022 1702 iniuria
1042 1667 1173 1703 caedis

148 1726 326 1762 ambesas
345 1725 504 1773 subigat
523 1724 634 1760 malis
653 1725 859 1760 absumere
878 1723 1058 1760 mensas.’

148 1783 249 1819 dixit
270 1787 311 1819 et
330 1784 370 1819 in
391 1782 527 1819 silvam
547 1784 678 1831 pinnis
697 1781 828 1818 ablata
849 1781 1007 1830 refugit.

147 1845 190 1877 at
208 1842 320 1877 sociis
339 1840 470 1877 subita
488 1839 644 1889 gelidus
663 1839 876 1876 formidine
897 1841 1056 1887 sanguis

147 1898 344 1947 deriguit;
373 1897 553 1934 cecidere
567 1898 700 1943 animi,
720 1909 794 1933 nec
814 1899 890 1932 iam
910 1896 1077 1945 amplius
1095 1900 1224 1944 armis,
1255 1897 1331 1936 ⁶260

148 1955 218 1992 sed
236 1958 337 1992 votis
355 1956 616 2005 precibusque
635 1955 776 1992 iubent
795 1967 1007 2004 exposcere
1023 1967 1175 2003 pacem,

175 2061 198 2100 6
487 2018 530 2037 ²⁵²
554 2019 665 2059 pendo
682 2019 724 2049 P¹
742 2028 749 2050 z
776 2019 902 2050 mando
919 2018 974 2051 P2.

149 2067 170 2099 3
202 2068 224 2100 4
