1430 2335
657 98 852 137 VIRGIL

162 185 249 216 tum
269 179 322 214 sic
341 174 466 211 adfari
486 180 528 211 et
548 187 658 211 curas
677 175 738 212 his
756 175 919 212 demere
938 176 1079 213 dictis:
1265 180 1340 218 775

163 238 173 254 ‘
186 231 280 282 quid
300 234 458 266 tantum
476 231 613 264 insano
632 231 741 265 iuvat
757 230 968 279 indulgere
988 230 1127 275 dolori,

162 300 184 323 o
205 285 330 323 dulcis
350 283 547 319 coniunx?
601 295 682 318 non
701 282 799 319 haec
818 285 902 319 sine
921 286 1082 320 numine
1102 284 1235 320 divum

163 341 377 381 eveniunt3
404 349 479 372 nec
496 341 539 372 te
559 338 746 372 comitem
765 336 858 373 hinc
874 342 1034 385 portare
1053 336 1237 374 Creusam

163 393 220 430 fas
236 397 304 428 aut
323 390 391 426 ille
412 392 507 426 sinit
527 392 660 438 superi
679 395 867 439 regnator
887 389 1060 440 Olympi.

161 446 282 495 longa
301 445 374 480 tibi
394 443 543 486 exsilia,
566 448 608 479 et
627 447 781 479 vastum
794 445 913 480 maris
932 457 1079 493 aequor
1098 445 1313 488 arandum3

163 505 206 536 et
225 505 371 536 terram
393 498 631 545 Hesperiam
649 499 797 541 venies,
813 497 885 533 ubi
902 496 1051 547 Lydius
1069 510 1161 534 arva
1268 501 1338 537 781

163 556 270 589 inter
289 554 419 601 opima
437 553 562 587 virum
584 549 666 585 leni
684 549 770 586 fluit
788 552 947 599 agmine
966 550 998 586 T
1002 551 1148 600 liybris.

164 607 244 643 illic
264 618 325 642 res
344 605 473 641 laetae
494 616 742 652 regnumque
763 609 805 640 et
824 607 931 653 regia
951 608 1123 641 coniunx

163 665 277 710 parta
294 659 378 696 tibi.
434 657 614 694 lacrimas
633 656 804 694 dilectae
825 657 930 705 pelle
951 657 1131 696 Creusae.

163 727 243 751 non
264 726 338 761 ego
360 711 655 761 Myrmidonum
675 710 789 747 sedes
810 711 1059 760 Dolopumve
1078 712 1266 761 superbas

162 769 350 817 aspiciam
368 770 437 802 aut
454 765 569 801 Grais
588 767 774 801 servitum
794 765 984 801 matribus
1003 765 1080 811 ibo,
1268 765 1344 805 736

165 821 363 858 Dardanis
383 824 425 856 et
445 818 559 855 divae
579 817 745 854 Veneris
765 830 906 861 nurus3

165 875 235 911 sed
256 886 320 909 me
341 885 485 921 magna
504 872 624 909 deum
644 873 826 919 genetrix
848 873 906 909 his
926 870 1085 908 detinet
1104 874 1191 910 oris.

163 930 321 977 iamque
341 927 426 962 vale
447 931 488 962 et
507 927 590 961 nati
609 937 719 960 serva
739 927 957 961 communis
975 925 1176 963 amorem?

165 982 264 1018 haec
283 981 351 1017 ubi
371 979 480 1015 (licta
499 978 625 1023 dedit,
645 977 920 1015 lacrimantem
941 983 983 1014 et
1000 979 1126 1015 multa
1146 979 1347 1017 volentem

165 1036 300 1071 dicere
322 1033 512 1077 deseruit,
532 1033 743 1080 tenuisque
763 1034 926 1068 recessit
944 1033 985 1067 in
1005 1045 1128 1069 auras,
1270 1035 1341 1076 791

165 1094 228 1125 ter
248 1092 412 1124 conatus
433 1087 487 1121 ibi
508 1084 609 1121 collo
630 1085 724 1121 dare
744 1085 927 1121 bracchia
947 1088 1115 1128 circum3

163 1147 227 1179 ter
246 1142 391 1177 frustra
410 1152 640 1188 comprensa
660 1151 798 1174 manus
819 1138 959 1187 effugit
978 1141 1120 1188 imago,

165 1208 235 1245 par
252 1194 406 1231 levibus
427 1195 555 1229 ventis
575 1191 801 1241 volucrique
821 1191 1020 1229 simillima
1039 1206 1186 1230 somno.

166 1252 221 1285 sic
242 1248 403 1285 demum
424 1248 548 1283 socios
569 1251 802 1294 consumpta
821 1250 936 1281 nocte
956 1248 1094 1281 reviso.
1271 1248 1345 1288 795

220 1307 244 1323 “
259 1302 394 1350 Atque
411 1300 476 1336 hic
495 1302 703 1347 ingentem
724 1301 912 1335 comitum
933 1298 1140 1335 adfluxisse
1155 1313 1346 1336 novorum

165 1358 324 1391 invenio
343 1354 540 1390 admirans
560 1365 782 1396 numerum,
801 1358 1027 1402 matresque
1047 1355 1240 1403 virosque,

166 1409 374 1445 collectam
395 1407 531 1443 exsilio
551 1406 711 1454 pubem,
731 1406 955 1442 miserabile
974 1406 1124 1455 volgus.

167 1463 343 1512 undique
363 1473 597 1503 convenere,
617 1462 757 1495 animis
776 1460 995 1509 opibusque
1016 1463 1155 1508 parati,

165 1519 206 1552 in
225 1527 491 1566 quascumque
511 1513 629 1549 velim
650 1513 792 1561 pelago
811 1513 1009 1549 deducere
1024 1518 1160 1551 terras,
1272 1517 1347 1550 800

165 1573 323 1619 iamque
342 1571 444 1616 iugis
464 1579 640 1602 summae
660 1567 848 1615 surgebat
869 1566 1028 1603 Lucifer
1049 1566 1143 1602 Idae

166 1624 417 1672 ducebatque
437 1621 556 1664 diem,
580 1620 786 1669 Danaique
805 1621 962 1656 obsessa
982 1620 1176 1656 tenebant

165 1677 301 1713 limina
324 1680 537 1724 portarum,
558 1686 631 1709 nec
651 1686 740 1723 spes
759 1676 844 1722 opis
863 1673 944 1709 ulla
964 1673 1143 1710 dabatur.

166 1732 265 1766 cessi
286 1735 328 1766 et
348 1728 503 1765 sublato
525 1729 668 1763 montis
688 1729 871 1776 genitore
891 1729 1028 1776 petivi.

209 1817 252 1836 ⁷⁷5
276 1817 407 1848 Servius
426 1820 510 1847 notes
526 1816 595 1846 that
611 1815 675 1846 this
691 1826 777 1845 «verse
793 1825 856 1845 was
872 1814 961 1854 often
978 1814 1118 1846 omitted.

209 1859 253 1879 ⁷⁷²³
276 1863 310 1891 te
340 1859 503 1891 comitem
535 1859 615 1888 hinc
647 1862 782 1897 portare
819 1857 926 1897 M7²c¹
944 1869 950 1887 :
996 1861 1028 1888 te
1065 1858 1226 1889 comitem
1266 1859 1345 1890 hinc

167 1906 342 1941 asportare
357 1900 494 1941 P7¹ac2‚
511 1900 642 1932 Servius
654 1913 665 1931 .·
689 1904 721 1932 te
739 1902 818 1932 hinc
834 1901 995 1932 comitem
1012 1903 1184 1939 asportare
1201 1901 1227 1932 h.

212 1946 255 1964 ⁷⁸³
278 1946 402 1983 laetae]
420 1945 525 1974 Italae
542 1942 639 1974 MP2.

210 1987 259 2008 ⁸⁰4
282 1991 433 2019 montem
452 1987 489 2023 P,
506 1986 646 2017 Servius.

169 2044 244 2079 346
