1430 2335
660 100 854 138 VIRGIL

167 182 212 214 ut
233 189 390 222 venere,
410 176 550 214 vident
569 176 733 226 indigna
752 181 882 214 morte
900 181 1166 227 peremptum,

170 233 371 267 Misenum
392 230 602 277 Aeoliden,
623 243 700 281 quo
720 244 801 267 non
822 234 1085 280 praestantior
1102 231 1204 267 alter

167 297 258 321 aere
277 288 381 321 ciere
401 287 501 321 viros
522 286 771 334 Martemque
790 285 1012 321 accendere
1031 289 1161 321 cantu.
1273 282 1343 321 165

170 338 357 375 Hectoris
377 338 442 374 hic
460 340 597 387 magni
616 338 744 375 fuerat
763 350 907 383 comes,
930 338 1107 374 Hectora
1126 340 1273 374 circum

168 397 209 427 et
228 391 328 428 lituo
347 404 499 441 pugnas
519 394 685 440 insignis
704 393 839 428 obibat
858 397 900 427 et
918 391 1041 428 hasta.

168 450 376 494 postquam
395 445 508 481 illum
528 448 609 481 vita
628 447 754 481 victor
773 445 954 493 spoliavit
973 443 1162 490 Achilles,

168 498 370 535 Dardanio
388 499 551 535 Aeneae
571 511 656 536 sese
674 498 910 535 fortissimus
930 498 1044 535 heros

166 553 376 589 addiderat
396 554 557 596 socium,
577 565 658 588 non
678 551 863 589 inferiora
883 557 1054 589 secutus.
1270 553 1343 590 170

167 606 237 642 sed
258 611 360 652 tum,
377 605 480 642 forte
501 619 593 642 cava
611 605 707 642 dum
726 611 911 655 personat
929 618 1098 655 aequora
1117 604 1279 650 concha,

167 659 347 704 demens,
367 664 409 695 et
429 664 547 695 cantu
568 665 683 695 vocat
701 662 742 696 in
761 661 977 696 certamina
996 660 1120 704 divos,

166 712 344 749 aemulus
364 718 576 762 exceptum
597 713 749 759 Triton,
769 716 799 750 si
821 713 983 749 credere
1002 712 1167 762 dignum
1189 717 1263 755 est,

166 768 272 803 inter
290 780 381 802 saxa
401 769 525 803 virum
545 780 727 816 spumosa
745 769 995 802 immerserat
1012 766 1130 802 unda.

167 832 261 868 ergo
280 832 418 856 omnes
437 833 581 868 magno
601 823 748 857 circum
769 820 939 856 clamore
958 819 1197 865 fremebant,
1223 818 1227 822 ’
1269 821 1341 858 175

165 876 376 923 praecipue
396 877 483 923 pius
503 874 671 910 Aeneas.
727 878 813 910 tum
833 876 934 910 i-issa
954 873 1140 922 Sibyllae,

165 927 273 963 haud
291 940 413 973 mora,
433 927 626 963 festinant
645 927 787 963 flentes
806 939 992 976 aramque
1011 925 1209 975 sepulchri

165 993 380 1030 congerere
398 981 600 1017 arboribus
619 981 806 1030 caeloque
827 981 996 1017 elucere
1015 984 1183 1016 certant.

164 1037 244 1071 itur
264 1038 303 1070 in
322 1037 525 1083 antiquam
547 1034 696 1077 silvam,
717 1035 871 1071 stabula
890 1033 970 1070 alta
989 1033 1182 1077 feraru1n3

164 1088 432 1136 procumbunt
452 1091 600 1137 piceae,
624 1092 738 1124 sonat
757 1091 835 1124 icta
855 1088 1056 1124 securibus
1076 1087 1155 1123 ilex
1268 1091 1342 1123 180

164 1141 445 1191 fraxineaeque
465 1142 597 1178 trabes
618 1144 754 1178 cuneis
774 1146 815 1178 et
835 1141 951 1178 fissile
972 1141 1089 1176 robur

163 1195 368 1240 scinditur,
387 1195 605 1231 advolvunt
625 1198 801 1243 ingentis
820 1195 1020 1231 montibus
1041 1206 1170 1232 ornos.

220 1249 303 1285 Nec
318 1261 396 1284 non
419 1249 574 1285 Aeneas
594 1261 714 1298 opera
733 1251 839 1285 inter
857 1248 951 1284 talia
971 1250 1117 1297 primus

163 1301 346 1338 hortatur
364 1304 489 1338 socios
510 1303 747 1352 paribusque
766 1305 988 1350 accingitur
1006 1303 1136 1338 armis.

164 1361 283 1405 atque
302 1355 402 1392 haee
421 1358 506 1404 ipse
526 1369 595 1392 suo
616 1359 719 1392 tristi
738 1369 826 1392 cum
849 1355 968 1391 corde
990 1354 1156 1399 volutat,
1267 1358 1338 1392 185

164 1414 371 1458 aspectans
391 1409 529 1445 silvam
549 1411 797 1454 immensam,
819 1413 860 1445 et
881 1411 935 1445 sic
956 1408 1058 1444 forte
1079 1413 1285 1457 precatur:

162 1467 186 1483 “
201 1466 231 1499 si
252 1476 358 1499 nunc
378 1475 419 1499 se
439 1463 552 1498 nobis
571 1462 639 1499 ille
659 1476 799 1499 aureus
819 1462 957 1498 arbore
977 1474 1107 1497 ramus

162 1517 349 1553 ostendat
366 1529 529 1553 nemore
549 1519 589 1552 in
609 1521 723 1553 tanto
745 1517 751 1551 Ι
806 1515 963 1565 quando
983 1517 1114 1551 omnia
1132 1527 1223 1551 vere

162 1570 239 1606 heu
259 1572 425 1606 nimium
446 1569 496 1606 de
515 1575 557 1606 te
578 1575 700 1615 vates,
725 1570 890 1614 Misene,
907 1568 1040 1605 locuta
1058 1568 1156 1605 est.''

161 1627 224 1659 vix
245 1636 291 1660 ea
310 1623 414 1659 fatus
434 1628 531 1668 erat,
551 1626 735 1672 geminae
755 1636 844 1659 cum
863 1622 966 1659 forte
985 1622 1190 1658 columbae
1267 1625 1340 1663 190

160 1680 244 1726 ipsa
265 1678 336 1713 sub
356 1690 422 1713 ora
442 1679 513 1712 viri
534 1677 642 1713 caelo
663 1689 807 1713 venere
828 1676 1006 1712 volantes

160 1736 202 1767 et
221 1731 335 1766 viridi
354 1730 493 1767 sedere
513 1730 605 1767 solo.
661 1736 746 1767 tum
767 1733 958 1766 maximus
977 1729 1092 1765 heros

159 1788 358 1820 maternas
376 1784 567 1833 adgnovit
586 1786 666 1820 avis
685 1784 893 1833 laetusque
913 1788 1121 1832 precatur:

159 1842 182 1858 “
197 1843 281 1873 este
302 1837 422 1874 duces
442 1850 476 1883 o,
497 1840 527 1873 si
548 1851 624 1887 qua
644 1840 705 1873 via
725 1842 796 1882 est,
818 1849 1053 1886 cursumque
1072 1849 1143 1885 per
1161 1848 1273 1872 auras

158 1891 330 1940 derigite
350 1893 390 1926 in
410 1891 531 1936 lucos,
550 1892 618 1927 ubi
639 1893 829 1940 pinguem
851 1892 960 1927 dives
980 1895 1119 1939 opacat
1265 1892 1336 1931 195

328 1964 373 1983 ‘⁷⁷
401 1965 579 2003 sepulchro
595 1965 636 1996 P.
840 1963 884 1983 ¹⁸⁶
908 1965 1011 2004 forte]
1028 1974 1110 1996 voce
1126 1964 1164 1996 R.

331 2007 375 2026 ¹³⁴3
400 2009 553 2047 agnoscit
571 2009 609 2039 R.
845 2007 888 2026 ¹⁹⁵
913 2008 1050 2047 dirigite
1069 2007 1115 2038 M.

158 2067 232 2100 518
