1430 2335
532 455 1007 512 GEORGICON

621 628 848 675 LIBER
885 628 910 675 I

177 758 283 804 Qum
304 759 421 796 faciat
442 760 565 796 laetas
584 765 755 808 segetes,
775 773 853 809 quo
872 760 1002 797 sidere
1020 766 1166 797 terram
1275 774 1354 799 Mpn

177 829 345 869 vertere,
368 824 591 870 Maecenas,
611 824 805 872 ulmisque
825 824 1043 873 adiungere
1063 828 1163 861 vites

176 890 400 933 conveniat,
421 900 521 936 quae
542 901 634 924 cura
653 888 786 931 boum,
807 890 872 936 qui
894 888 1023 924 cultus
1044 888 1229 926 habendo

176 954 226 988 sit
246 955 393 1000 pecori,
412 952 551 1001 apibus
575 956 723 1001 quanta
743 954 991 1000 experientia
1010 956 1148 1001 parcis,

175 1015 268 1051 hinc
288 1028 430 1052 canere
451 1018 648 1064 incipiam.
705 1028 785 1060 vos,
806 1028 828 1051 o
850 1015 1061 1052 clarissima
1080 1016 1219 1052 mundi
1333 1021 1353 1053 5

175 1077 337 1122 lumina,
357 1077 559 1113 labentem
581 1076 691 1113 caelo
712 1090 811 1126 quae
832 1076 976 1113 ducitis
997 1090 1159 1124 annum,

176 1140 297 1177 Liber
316 1145 357 1177 et
376 1141 477 1176 ahna
498 1140 628 1185 Ceres,
649 1145 780 1177 vestro
800 1143 831 1177 si
851 1153 1015 1177 munere
1035 1142 1155 1178 tellus

176 1204 390 1240 Chaoniam
411 1207 549 1253 pingui
569 1204 757 1253 glandem
776 1207 946 1241 mutavit
965 1207 1095 1251 arista,

175 1269 393 1318 poculaque
414 1271 587 1304 inventis
607 1268 798 1305 Acheloia
818 1271 976 1305 miscuit
995 1272 1078 1306 uvis
1096 1282 1105 1313 3

175 1338 216 1369 et
236 1345 317 1378 vos,
337 1338 539 1381 agrestum
560 1335 785 1381 praesentia
806 1335 980 1378 numina,
1005 1332 1142 1378 Fauni,
1307 1340 1352 1372 lO

175 1397 298 1446 (ferte
319 1397 435 1433 Simul
458 1397 662 1446 Faunique
683 1396 830 1445 pedem
852 1396 1111 1447 Dryadesque
1131 1398 1288 1447 puellae
1308 1400 1334 1449 ἶ)

174 1473 339 1497 munera
361 1466 489 1497 vestra
511 1474 619 1497 cano.
677 1466 801 1510 tuque
822 1474 858 1506 o,
877 1463 941 1496 cui
964 1463 1090 1510 prima
1113 1461 1352 1500 frementem

174 1524 278 1561 fudit
298 1538 444 1574 equum
465 1538 611 1574 magno
631 1524 750 1561 tellus
770 1537 954 1573 percussa
973 1525 1153 1570 tridenti,

174 1588 365 1637 Neptune
383 1601 391 1632 3
421 1593 461 1625 et
483 1589 611 1624 cultor
630 1601 848 1634 nemorum,
869 1591 930 1624 cui
950 1592 1114 1638 pinguia
1135 1591 1236 1628 Ceae

173 1657 236 1688 ter
255 1657 418 1689 centum
437 1655 543 1689 nivei
563 1652 736 1689 tondent
756 1653 920 1689 dumeta
939 1655 1095 1689 iuvenci
1112 1666 1122 1698 ;
1305 1661 1350 1693 15

173 1717 271 1763 ipse,
292 1729 431 1754 nemus
451 1717 635 1766 linquens
656 1718 826 1765 patrium
847 1716 1049 1766 saltusque
1073 1718 1229 1767 Lycaei,

177 1779 269 1825 Pan,
289 1783 421 1816 ovium
442 1786 586 1826 custos,
606 1786 675 1816 tua
695 1784 728 1817 si
747 1782 819 1817 tibi
841 1781 1023 1818 Maenala
1042 1795 1171 1829 curae,

173 1843 291 1891 adsis,
310 1857 332 1881 ο
352 1845 548 1894 Tegeaee,
569 1845 716 1893 favens,
736 1845 928 1896 oleaeque
951 1846 1132 1882 Minerva

344 1957 355 1977 ⁷
382 1959 519 1989 numine
538 1958 604 1990 1112.
953 1957 982 1977 ²³
1007 1960 1123 1991 fundit
1137 1961 1179 1991 P.

173 2037 222 2069 80
