1430 2335
644 74 838 112 VIRGIL

148 156 287 187 contra
307 152 412 188 elata
432 153 529 187 mari
548 151 768 200 respondet
787 151 934 188 Gnosia
956 151 1100 188 tellus:

146 212 211 249 hic
231 212 401 249 crudelis
421 225 530 248 amor
548 215 652 249 tauri
673 225 700 251 s
696 217 941 262 ippostaque
963 213 1067 249 furto

149 273 340 322 Pasiphae
361 277 653 323 mixtumque„
632 287 755 310 genus
775 274 984 324 prolesque
1005 274 1181 311 biformis
1281 278 1328 309 25

148 336 526 380 Minotaurusinest,
541 336 704 373 Veneris
717 341 976 373 monumenta
987 335 1201 379 nefand231e
1229 348 1331 371 FMPR

147 396 210 433 hic
230 397 340 433 labor
358 397 425 434 ille
445 397 584 434 domus
605 402 648 434 et
665 398 951 434 inextricabilis
967 410 1100 441 error;

146 472 336 508 maguum
356 461 516 508 reginae
536 459 606 495 sed
626 462 733 495 enim
753 462 961 496 miseratus
979 471 1155 495 amorem

146 519 346 556 Daedalus
365 523 449 570 ipse
469 519 579 556 dolos
598 523 697 557 tecti
715 521 979 570 ambagesque
1001 520 1173 566 resolvit,

144 594 262 619 caeca
281 595 426 632 regens
445 581 509 618 filo
530 584 707 631 vestigia.
764 587 808 618 tu
829 594 986 632 quoque
1004 595 1188 631 magnam
1280 585 1329 618 30

144 648 298 693 partem
318 635 498 692 operein
518 648 645 689 tanto,
665 647 815 681 sineret
834 644 958 690 dolor,
979 644 1102 689 Icare,
1121 643 1309 686 haberes;

144 705 203 741 bis
223 710 388 742 conatus
408 710 494 742 erat
513 718 624 742 casus
640 706 825 755 effingere
845 708 887 742 in
905 718 1012 751 auro,

144 767 203 803 bis
223 769 373 816 patriae
393 767 574 804 cecidere
594 780 744 804 manus.
802 770 896 817 quin
916 770 1096 816 protinus
1115 769 1247 803 onmia

144 829 401 879 perlegerent
420 829 558 875 oculis,
577 831 618 865 ni
636 831 713 865 iam
735 832 971 878 praemissus
990 828 1165 865 Achates

143 890 300 928 adforet
318 895 438 940 atque
460 903 536 926 una
558 889 708 927 Phoebi
729 890 962 940 Triviaeque
982 890 1177 938 sacerd08‚
1276 895 1323 927 35

146 952 356 1001 Deiphobe
377 952 532 998 Glauci,
552 951 658 988 fatur
679 965 778 1002 quae
798 952 893 989 talia
911 954 1020 1002 regi:

144 1019 261 1050 “non
282 1014 355 1050 hoc
374 1017 450 1050 ista
468 1015 542 1050 sibi
561 1019 719 1063 tempus
739 1014 966 1063 spectacula
984 1016 1134 1063 poscit:

144 1089 250 1112 nunc
271 1089 393 1125 grege
414 1076 464 1112 de
485 1078 636 1112 intacto
656 1081 811 1125 septem
831 1081 1006 1112 mactare
1024 1076 1212 1113 iuvencos

145 1140 401 1187 praestiterit,
424 1136 593 1173 totidem
612 1136 735 1173 lectas
755 1137 805 1173 de
825 1150 933 1174 more
954 1137 1168 1174 bidentis.'’

144 1199 290 1235 talibus
308 1198 441 1235 adfata
463 1200 629 1237 Aenean
650 1197 743 1250 (nec
763 1212 872 1236 sacra
891 1205 1096 1236 morantur
1276 1205 1326 1237 40

144 1264 247 1298 iussa
266 1261 356 1310 viri)
377 1261 549 1298 Teucros
569 1266 685 1298 vocat
704 1261 785 1298 alta
804 1264 845 1297 in
865 1262 1017 1311 templa
1036 1262 1228 1300 sacerdos.

121 1318 124 1319 ⁷
198 1322 383 1359 Excisum
404 1323 605 1360 Euboicae
624 1323 728 1360 latus
748 1326 891 1372 ingens
911 1326 1017 1373 rupis
1039 1326 1079 1360 in
1098 1329 1268 1371 antrum,

144 1398 222 1435 quo
242 1384 311 1422 lati
331 1384 483 1422 ducunt
503 1385 635 1422 aditus
656 1390 833 1431 centum,
853 1388 953 1422 ostia
971 1390 1147 1432 centum,

144 1446 251 1483 unde
271 1451 393 1483 ruunt
412 1446 585 1485 totidem
604 1460 733 1492 voces,
753 1459 941 1496 responsa
962 1446 1148 1497 Sibyllae.

145 1516 309 1547 ventum
331 1515 416 1547 erat
435 1510 484 1546 ad
505 1510 641 1556 limen,
663 1524 752 1547 cum
772 1514 895 1560 virgo,
917 1514 943 1532 “
957 1523 1118 1560 poscere
1138 1511 1221 1548 fata
1275 1517 1323 1549 45

144 1571 339 1621 tempus''
360 1574 417 1608 ait
434 1584 442 1607 :
471 1575 495 1592 “
510 1571 622 1617 deus,
643 1584 749 1617 ecce,
770 1571 889 1608 deus!
906 1572 927 1583 '’
979 1575 1041 1608 cui
1060 1572 1155 1609 talia
1174 1572 1273 1610 fanti

144 1638 239 1670 ante
258 1632 363 1670 fores
383 1633 513 1669 subito
534 1646 614 1669 non
633 1633 776 1678 voltus,
799 1646 876 1669 non
899 1633 1005 1670 color
1025 1647 1138 1680 unus,

144 1708 225 1731 non
245 1699 428 1744 comptae
449 1707 629 1731 mansere
650 1707 797 1740 comae,
818 1695 888 1731 sed
909 1700 1050 1744 pectus
1068 1696 1269 1743 anhelum,

145 1762 186 1793 et
206 1757 312 1793 rabie
334 1755 417 1793 fera
437 1756 553 1793 corda
573 1761 744 1802 tument,
765 1759 967 1806 maiorque
989 1757 1112 1794 videri

144 1831 218 1855 nec
237 1817 404 1854 mortale
425 1831 582 1864 sonans,
602 1817 745 1855 adflata
765 1823 827 1855 est
845 1822 1008 1855 numine
1029 1819 1186 1869 quando
1273 1825 1321 1857 50

188 1912 218 1931 ²³
244 1913 368 1945 Cnosia
384 1913 423 1943 P.
829 1911 860 1930 ³³
885 1923 985 1946 omne
1000 1914 1071 1946 Bb:
1098 1924 1233 1945 omnem
1250 1926 1278 1947 c.

187 1955 216 1974 ³⁷
240 1958 383 1995 poscunt
399 1954 492 1994 M1R,
511 1956 625 1987 known
641 1960 672 1987 to
690 1954 834 1988 Servius.
1008 1954 1039 1975 ³⁹
1063 1956 1123 1999 de]
1142 1968 1181 1988 ex
1198 1957 1233 1988 F.

146 2014 221 2047 508
