1430 2335
662 86 854 123 VIRGIL

170 168 282 212 filius,
303 178 405 202 anne
425 165 565 215 aliquis
585 177 731 213 magna
746 164 939 214 deestirpe
960 166 1182 213 nepotum?

170 235 237 282 qui
283 233 472 279 strepitus
511 232 613 266 circa
653 222 863 266 comitum!
913 234 1107 279 quantum
1145 232 1268 266 instar
1305 231 1344 265 in

275 298 360 345 ipso
378 296 385 332 1
1274 295 1346 333 865

170 358 239 395 sed
259 371 337 394 nox
358 362 442 394 atra
463 361 582 406 caput
602 358 708 393 tristi
730 355 983 392 circumvolat
1003 356 1179 393 umbra.”

170 428 255 459 tum
275 427 389 471 pater
410 421 605 457 Anchises
627 420 794 457 lacrimis
814 423 1014 469 ingressus
1034 422 1202 458 obortis:

170 492 194 509 “
210 500 232 523 o
253 492 388 535 gnate,
409 489 618 535 ingentem
638 485 790 522 luctum
812 498 862 521 ne
882 498 1027 534 quaere
1048 490 1217 522 tuorum.

171 551 387 589 ostendent
406 553 522 588 terris
543 549 650 586 hunc
670 554 829 586 tantum
850 548 944 595 fata,
965 562 1040 586 nec
1060 550 1163 586 ultra

171 629 256 654 esse
276 619 421 653 sinent.
479 617 645 651 nimium
666 614 774 650 vobis
799 613 973 650 Romana
994 627 1171 664 propago
1277 616 1351 654 870

171 684 251 718 visa
272 685 427 730 potens,
448 682 593 729 superi,
613 681 768 728 propria
789 678 887 715 haec
909 681 939 715 si
961 678 1064 715 dona
1085 679 1264 718 fuissent.

172 751 339 796 quantos
360 744 427 781 ille
448 747 574 780 virum
593 757 779 792 magnam
802 743 990 780 Mavortis
1010 743 1059 780 ad
1080 745 1219 781 urbem
1254 743 1349 796 [MPR

173 823 332 860 campus
351 815 445 859 aget
465 809 659 858 gemitus!
717 808 781 845 vel
801 821 916 857 quae,
936 808 1136 855 Tiberine,
1156 810 1308 847 videbis

173 876 322 920 funera,
339 888 428 911 eum
448 873 648 911 tumulum
669 873 965 922 praeterlabere
989 879 1193 912 recentem
1210 876 1216 912 !

174 953 248 978 nec
268 952 366 990 puer
388 939 505 975 Iliaca
526 941 734 988 quisquam
755 937 805 975 de
827 942 950 987 gente
971 937 1133 975 Latinos
1282 941 1354 979 875

174 1008 215 1042 in
235 1009 392 1042 tantum
413 1016 482 1052 spe
503 1002 622 1040 tollet
641 1015 746 1048 avos,
767 1015 841 1039 nec
866 1002 1030 1048 Romula
1051 1003 1249 1053 quondam

176 1070 255 1107 ullo
276 1082 317 1106 se
338 1073 497 1105 tantum
516 1067 637 1104 tellus
656 1067 820 1104 iactabit
839 1067 1008 1104 alumno.

176 1134 254 1170 heu
274 1135 414 1182 pietas,
435 1132 512 1168 heu
535 1134 660 1180 prisca
681 1131 791 1177 fides,
811 1134 1037 1182 invictaque
1058 1132 1163 1169 bello

177 1198 364 1236 dextera!
395 1209 475 1233 non
495 1196 552 1232 illi
573 1209 614 1233 se
635 1198 841 1246 quisquam
862 1199 1023 1246 impune
1043 1197 1200 1236 tulisset
1256 1211 1358 1236 FMPR

178 1263 315 1299 obvius
335 1266 498 1305 armato,
519 1273 588 1298 seu
609 1274 699 1297 cum
719 1260 844 1310 pedes
864 1263 941 1298 iret
961 1264 1002 1297 in
1022 1261 1192 1309 hostem,
1284 1265 1358 1302 880

178 1340 248 1364 seu
269 1328 488 1376 spumantis
509 1328 600 1375 equi
621 1324 779 1362 foderet
799 1325 1011 1362 calcaribus
1032 1339 1169 1364 armos.

179 1392 260 1429 heu
277 1392 284 1428 ἔ
313 1389 536 1427 miserande
556 1402 669 1439 puer,
688 1393 719 1427 si
741 1403 817 1440 qua
838 1390 919 1427 fata
938 1403 1075 1440 aspera
1095 1404 1266 1442 rumpas,

180 1461 224 1493 tu
246 1454 460 1491 Marcellus
481 1455 579 1491 eris!
615 1442 816 1491 *manibus
837 1454 930 1491 date
950 1455 1031 1497 lilia
1050 1442 1190 1505 plenis,

182 1532 398 1570 purpureos
420 1532 602 1568 spargam
622 1519 735 1556 flores
756 1522 1006 1569 animamque
1027 1524 1183 1569 nepotis

182 1585 243 1622 his
262 1583 404 1621 saltem
423 1583 670 1620 accumulem
690 1583 804 1620 donis
825 1588 867 1620 et
888 1583 1029 1632 fungar
1049 1586 1155 1621 inani
1176 1579 1178 1590 ³
1283 1587 1357 1625 885

632 1684 675 1704 ⁸⁶⁵
698 1685 774 1726 quis
792 1684 920 1718 F2MR.

635 1727 680 1748 ⁸⁸⁶
703 1728 815 1759 inanis
832 1728 914 1760 ΓΜ.

231 1849 243 1868 ¹
269 1850 322 1880 i.e.
351 1849 412 1880 the
440 1849 583 1888 Campus
608 1847 770 1888 Martius,
802 1848 838 1880 in
862 1848 975 1880 which
1001 1849 1061 1881 the
1087 1849 1302 1881 Mausoleum
1327 1851 1363 1882 of

187 1893 367 1933 Augustus
385 1902 454 1922 was
469 1891 560 1922 built
577 1891 612 1922 in
628 1891 668 1924 27
685 1899 752 1923 Rc.

232 1936 244 1953 2
269 1934 463 1973 Marcellus,
481 1934 583 1965 while
598 1936 659 1975 yet
676 1944 695 1965 a
710 1934 789 1976 boy,
802 1934 873 1965 will
889 1933 1007 1966 reflect
1022 1934 1120 1976 glory
1136 1945 1179 1966 on
1195 1935 1248 1966 his
1260 1935 1362 1967 Latin

189 1983 386 2014 ancestor33
409 1988 461 2017 spe
484 1987 600 2008 means
623 1977 682 2008 the
706 1977 854 2018 promise
877 1977 994 2008 shown
1018 1977 1063 2019 by
1081 1978 1139 2009 the
1162 1978 1284 2019 youth,
1305 1979 1363 2010 the

190 2038 263 2074 568
