1430 2335
653 99 847 136 VIRGIL

152 188 232 212 non
252 189 358 212 arma
379 175 597 225 expedient
614 180 780 225 totaque
802 188 851 212 ex
871 175 968 212 urbe
989 178 1217 224 sequentur,

153 236 432 286 deripientque
454 242 558 274 rates
578 237 645 273 alii
665 237 872 273 navalibus
889 238 903 273 ?
957 239 1027 282 ite,

153 298 257 335 ferte
278 301 346 335 citi
367 298 556 343 flammas,
577 298 672 335 date
693 298 790 343 tela,
809 297 1005 347 impellite
1025 309 1153 333 remos
1170 297 1177 331 ἔ

154 359 250 409 quid
269 360 437 410 loquor?
493 365 563 396 aut
591 360 658 396 ubi
690 360 807 396 sum?
862 372 962 408 quae
988 363 1166 395 mentem
1187 359 1335 394 insania

258 426 389 458 mutat
406 423 420 457 ?
1262 422 1335 460 595

153 482 291 519 infelix
313 482 433 528 Dido,
453 496 559 519 nune
580 488 620 520 te
640 482 747 519 facta
765 484 886 531 impia
905 482 1108 530 tangunt?

153 549 239 580 tum
258 543 408 590 decuit,
427 557 516 581 cum
536 549 693 593 sceptra
712 544 844 580 dabas.
902 556 954 580 en
972 543 1113 579 dextra
1133 541 1324 591 fidesque,

153 619 271 655 quem
292 619 426 643 secum
446 608 594 655 patrios
613 609 725 642 aiunt
745 610 902 654 portare
924 604 1097 648 Penatis,

154 680 273 717 quem
293 667 458 704 subiisse
479 670 624 704 umeris
644 666 873 704 confectum
892 671 1026 703 aetate
1046 670 1254 715 parentem
1271 665 1278 699 !

154 741 233 765 non
253 731 364 778 potui
383 729 593 777 abreptum
614 727 805 765 divellere
825 740 966 777 corpus
984 732 1027 763 et
1046 726 1162 764 undis
1259 724 1333 762 600

154 792 370 840 spargere?
399 803 479 827 non
499 793 637 836 socios,
658 803 738 826 non
757 793 886 839 ipsum
905 790 1112 826 absumere
1132 788 1236 825 ferro

155 853 369 889 Ascanium
388 854 605 901 patriisque
625 851 868 901 epulandum
888 863 1036 900 ponere
1055 849 1230 887 mensis?

155 926 291 950 verum
310 926 458 962 anceps
477 926 637 962 pugnae
657 913 788 950 fuerat
806 911 976 949 fortuna.
1031 911 1194 954 fuisset3

156 988 275 1024 quem
294 977 420 1011 metui
440 977 630 1011 moritura
646 975 660 1009 ?
717 973 822 1010 faces
841 976 883 1009 in
901 977 1029 1009 castra
1046 972 1224 1009 tulissem

155 1037 461 1085 implessemque
477 1035 580 1072 foros
595 1035 759 1072 flammis
772 1040 989 1084 natumque
1005 1039 1238 1083 patremque
1258 1030 1334 1069 605

156 1111 245 1134 cum
265 1111 414 1147 genere
435 1100 673 1142 exstinxem,
691 1101 843 1133 memet
861 1108 980 1145 super
999 1098 1082 1144 ipsa
1100 1095 1309 1131 dedissem..

156 1159 235 1205 Sol,
255 1162 322 1210 qui
342 1164 535 1196 terrarum
556 1158 719 1195 flammis
738 1171 858 1207 opera
877 1160 1009 1194 omnia
1028 1156 1182 1202 lustras,

156 1226 280 1271 tuque
301 1221 439 1257 harum
459 1223 657 1269 interpres
676 1232 856 1256 curarum
878 1223 921 1256 et
939 1220 1094 1255 conscia
1113 1217 1226 1263 Iuno,

156 1285 438 1331 nocturnisque
461 1281 616 1318 Hecate
636 1283 761 1318 triviis
780 1280 931 1317 ululata
950 1292 1021 1329 per
1039 1280 1156 1316 urbes
1217 1324 1225 1330 ⁸

157 1349 199 1380 et
219 1343 338 1381 Dirae
361 1343 521 1380 ultrices
541 1348 582 1380 et
602 1342 643 1379 di
663 1345 869 1379 morientis
888 1341 1053 1386 Elissae,
1259 1339 1336 1377 610

156 1408 324 1455 accipite
344 1405 456 1451 haee,
476 1407 741 1454 meritumque
762 1403 876 1440 malis
894 1402 1091 1439 advertite
1113 1415 1260 1439 numen

158 1473 200 1504 et
219 1472 371 1504 nostras
390 1466 524 1503 audite
545 1479 693 1516 preces.
751 1468 781 1502 si
801 1470 966 1514 tangere
987 1470 1123 1514 portus

158 1528 365 1564 infandum
385 1533 505 1577 caput
524 1541 568 1564 ac
588 1530 703 1564 terris
722 1526 867 1563 adnare
887 1538 1049 1562 necesse
1069 1530 1143 1570 est,

159 1595 202 1627 et
220 1593 273 1626 sic
293 1589 374 1625 fata
396 1588 497 1625 Iovis
518 1593 699 1638 poscunt,
718 1587 781 1625 hic
801 1589 994 1625 terminus
1013 1586 1174 1624 haeret:

158 1657 200 1688 at
218 1651 323 1688 bello
342 1650 500 1687 audacis
520 1649 656 1700 populi
675 1654 840 1686 vexatus
859 1653 902 1685 et
920 1651 1051 1694 armis,
1260 1645 1335 1685 615

159 1713 300 1750 finibus
321 1715 500 1756 extorris,
520 1711 729 1761 complexu
747 1710 903 1747 avolsus
923 1709 1014 1753 Iuli,

159 1775 348 1811 auxilium
368 1774 556 1823 imploret
573 1774 787 1823 videatque
807 1772 973 1821 indigna
991 1784 1147 1808 suorum

160 1836 322 1879 funera3
348 1849 435 1880 nec,
456 1848 546 1871 cum
565 1848 606 1871 se
626 1835 699 1871 sub
716 1835 828 1883 leges
847 1835 953 1883 pacis
973 1835 1131 1882 iniquae

159 1897 385 1942 tradiderit,
404 1909 528 1946 regno
547 1901 615 1934 aut
635 1901 771 1946 optata
790 1895 878 1931 luce
899 1894 1062 1937 fruatur,

208 1956 252 1975 ⁵9³
279 1958 443 1997 diripient
461 1957 555 1988 MSS.
734 1955 776 1974 ⁵⁹⁷
801 1959 875 1986 tum
892 1955 948 1986 M.-
970 1958 1051 1986 tune
1068 1954 1107 1991 P,
1126 1952 1292 1984 Priscian.

209 1999 252 2018 ⁵9⁸
278 2004 430 2040 portasse
446 2000 493 2031 M.
735 1998 778 2017 ⁵⁹⁹
803 2008 918 2029 umero
935 1995 992 2028 1³¹.

166 2053 246 2092 436
