1430 2335
670 94 862 131 VIRGIL

167 177 263 208 tune
282 171 349 207 ille
372 170 541 215 Aeneas,
560 182 680 220 quem
701 170 901 207 Dardanio
921 170 1120 208 Anchisae

167 232 268 268 alma
288 232 422 268 Venus
444 231 605 280 Phrygii
624 234 764 280 genuit
784 232 997 269 Simoentis
1016 233 1066 269 ad
1086 233 1262 269 undam?

168 299 286 343 atque
307 293 493 342 equidem
514 292 711 330 Teucrum
730 296 892 329 memini
914 293 1062 331 Sidona
1080 297 1214 331 venire

168 354 309 391 finibus
328 354 535 403 expulsum
557 357 705 404 patriis,
728 368 828 391 nova
848 368 969 405 regna
989 360 1197 404 petentem
1272 354 1349 393 620

167 416 313 452 auxilio
333 416 417 453 Beli
435 429 443 460 3
471 419 629 465 genitor
647 421 732 453 tum
754 416 871 453 Belus
890 420 1061 466 opimam

169 479 347 514 vastabat
368 478 540 528 Cyprum
561 483 602 514 et
623 481 747 514 victor
767 478 921 515 dicione
942 479 1118 516 tenebat.

168 545 348 589 tempore
368 543 445 576 iam
466 553 513 576 ex
534 539 601 576 illo
621 553 731 576 casus
750 540 848 575 milii
868 543 1049 589 cognitus
1068 542 1174 578 urbis

168 602 360 638 Troianae
380 614 608 651 nomenque
628 606 743 638 tirum
763 614 958 651 regesque
981 602 1146 651 Pelasgi.

168 666 252 712 ipse
271 663 395 700 hostis
417 663 590 699 Teucros
610 666 755 711 insigni
777 663 895 699 laude
915 662 1070 700 ferebat
1273 664 1348 702 6525

168 738 289 774 seque
309 730 437 762 ortum
459 728 619 775 antiqua
639 724 881 761 Teucrorum
901 725 950 760 ab
970 727 1094 774 stirpe
1114 726 1283 764 volebat.

168 800 287 837 quare
306 789 427 836 agite,
447 800 470 823 o
490 790 621 832 tectis,
640 789 816 832 iuvenes,
838 787 1040 824 succedite
1059 791 1215 826 nostris.

169 862 231 885 me
251 861 407 898 quoque
428 861 498 898 per
514 848 660 885 multos
681 849 819 884 similis
838 848 999 885 fortuna
1016 848 1171 886 labores

169 913 354 947 iactatam
376 910 448 946 hac
469 910 629 946 demun]
652 909 777 946 voluit
798 912 1016 947 consistere
1037 915 1154 948 terra.

170 986 248 1009 non
267 975 403 1022 ignara
422 973 515 1008 mali
530 975 683 1009 miseris
703 985 928 1009 succurrere
949 972 1095 1009 disco.''
1275 972 1352 1010 630

169 1038 222 1071 sic
242 1040 459 1079 memorat;
491 1034 606 1071 simul
629 1035 795 1071 Aenean
815 1037 856 1070 in
876 1037 984 1083 regia
1003 1033 1114 1071 ducit

169 1102 288 1142 tecta,
308 1097 421 1133 simul
443 1097 578 1132 divum
598 1096 758 1145 templis
777 1096 919 1133 indicit
936 1095 1139 1133 honorem.

168 1170 243 1194 nec
262 1160 392 1194 minus
412 1161 565 1194 interea
585 1160 698 1193 sociis
717 1157 765 1193 ad
786 1157 901 1193 litora
920 1159 1047 1193 mittit

169 1222 311 1268 viginti
329 1225 477 1265 tauros,
498 1232 729 1268 magnorum
750 1218 956 1255 horrentia
976 1224 1137 1255 centum

169 1286 282 1330 terga
301 1295 427 1327 suum,
444 1284 602 1330 pinguis
621 1286 783 1317 centum
803 1293 893 1317 cum
913 1281 1250 1329 matribusagnos,
1276 1279 1352 1318 635

168 1357 332 1380 munera
352 1344 628 1392 laetitiamque
645 1343 708 1381 dii.

169 1410 210 1441 at
231 1405 370 1441 domus
390 1407 555 1442 interior
575 1405 697 1454 regali
718 1403 926 1453 splendida
946 1403 1040 1440 luxu

169 1470 390 1512 instruitur,
409 1466 630 1515 mediisque
650 1471 793 1515 parant
812 1467 989 1501 convivia
1009 1468 1127 1502 tectis
1145 1479 1153 1504 :

169 1536 254 1567 arte
269 1530 468 1565 laboratae
489 1533 619 1564 vestes
638 1533 824 1577 ostroque
844 1528 1026 1576 superbo,

169 1596 310 1641 ingens
329 1595 543 1639 argentum
564 1592 723 1634 mensis,
743 1588 973 1638 caelataque
992 1591 1033 1625 in
1052 1602 1145 1626 auro
1278 1588 1354 1627 640

170 1654 287 1690 fortia
306 1652 411 1688 facta
431 1657 602 1700 patrum,
622 1653 742 1687 series
763 1650 992 1699 longissima
1012 1663 1141 1687 rerum

169 1728 240 1766 per
258 1719 320 1750 tot
339 1713 458 1750 ducta
479 1715 580 1749 viros
599 1715 764 1762 antiqua
783 1712 833 1748 ab
853 1714 1006 1761 origine
1027 1714 1170 1761 gentis.

222 1779 379 1813 Aeneas
398 1774 546 1825 (neque
568 1777 676 1811 enim
694 1776 843 1823 patrius
863 1776 1079 1811 consistere
1098 1779 1274 1812 mentem

169 1851 303 1890 passus
322 1835 449 1887 amor)
467 1836 647 1886 rapidum
666 1836 715 1872 ad
736 1839 846 1871 navis
865 1838 1089 1885 praemittit
1108 1836 1306 1883 Achaten,

169 1901 339 1936 Ascanio
359 1898 460 1935 ferat.
480 1897 578 1934 haec
597 1901 804 1947 ipsumque
825 1897 872 1933 ad
893 1899 1050 1934 moenia
1067 1897 1209 1942 ducat;
1276 1898 1350 1935 645

213 1962 260 1981 ⁰2⁰
289 1963 393 2002 patris
408 1962 465 1992 Pl.
533 1959 580 1980 ⁶²⁵
605 1962 751 1999 insignis
768 1960 823 1999 12¹,
842 1961 984 1992 Servius.
1046 1957 1094 1978 ⁶²⁹
1118 1963 1292 1994 considere
1308 1964 1346 1994 P.

212 2005 259 2024 ⁶³⁶
285 2007 332 2037 dii
352 2006 394 2036 A.
414 2005 546 2042 Gellius,
576 2005 637 2034 IX.
656 2012 735 2034 XIV.
761 2006 798 2034 8:
826 2004 879 2035 dei
904 2004 1001 2035 MSS.
1039 2002 1172 2035 Servius
1195 2006 1350 2037 mentions

170 2050 234 2087 dei,
251 2050 312 2088 dii,
330 2048 397 2079 and
416 2048 470 2079 die
487 2058 522 2079 as
538 2047 676 2087 exiscz'nq
692 2047 856 2087 readinys.

172 2108 248 2141 ⁶284
