1430 2335
670 64 865 101 VIRGIL

178 152 250 189 per
268 152 441 189 superos,
461 144 504 177 et
523 141 554 176 si
574 152 650 189 qua
668 139 766 177 fides
785 139 931 177 tellure
950 140 1022 177 sub
1041 142 1120 177 ima
1139 145 1214 186 est,

177 196 336 238 invitus,
355 196 506 242 regina,
524 198 595 230 tuo
614 194 665 230 de
682 193 800 230 litore
819 196 930 230 cessi.
1279 193 1356 232 460

177 247 247 283 sed
267 260 331 283 me
349 250 452 284 iussa
471 247 604 293 deum,
624 260 726 297 quae
744 261 851 284 nunc
871 247 941 284 has
959 249 1017 284 ire
1037 261 1108 297 per
1127 249 1298 294 umbras,

176 313 247 349 per
264 300 350 337 loca
368 306 483 337 senta
501 304 579 337 situ
599 307 749 350 cogunt
768 306 1008 350 noctemque
1029 301 1277 351 profundam,

175 356 350 403 imperiis
371 367 490 404 egere
510 357 611 399 suis3
639 368 714 391 nec
734 355 897 391 credere
916 357 1024 404 quivi

175 407 281 444 hunc
300 413 457 444 tantum
476 409 550 444 tibi
570 421 634 445 me
654 408 828 445 discessu
848 409 952 445 ferre
972 408 1160 446 dolorem.

176 465 270 498 siste
290 461 456 510 gradum
474 467 597 511 teque
616 468 780 511 aspectu
799 475 851 499 ne
871 462 1060 499 subtrahe
1081 467 1226 499 nostro.
1279 460 1354 499 465

175 528 294 565 quem
322 515 456 563 fugis?
489 521 713 553 extremum
733 516 828 562 fato,
854 516 961 566 quod
984 521 1026 552 te
1052 515 1255 566 adloquor,
1282 516 1356 553 hoc

280 569 379 606 est.”

173 623 320 659 talibus
341 624 499 660 Aeneas
517 622 728 660 ardentem
748 627 790 660 et
808 628 919 659 torva
940 628 1122 660 tuentem

175 678 327 713 lenibat
345 677 463 714 dictis
481 681 655 713 animum
676 677 935 727 lacrimasque
955 678 1098 714 ciebat.

174 730 241 767 illa
260 730 341 768 solo
361 731 456 767 fixos
476 731 608 768 oculos
630 744 766 768 aversa
786 732 953 767 tenebat

174 798 248 821 nec
268 788 393 834 magis
412 787 575 833 incepto
595 784 746 821 voltum
765 797 948 821 sermone
969 789 1163 830 movetur,
1277 787 1354 823 470

175 851 292 888 quam
312 841 343 874 si
363 838 461 874 dura
480 839 577 875 silex
597 843 667 875 aut
686 843 767 875 stet
788 838 987 887 Marpesia
1006 843 1154 876 cautes.

173 892 338 928 tandem
357 895 546 941 corripuit
563 905 649 928 sese
668 897 789 941 atque
808 894 967 928 inimica
984 891 1135 940 refugit

173 949 213 982 in
235 959 374 982 nemus
394 945 666 989 umbriferum,
689 948 859 982 coniunx
881 946 947 981 ubi
965 948 1154 994 pristinus
1173 945 1230 981 illi

173 999 392 1049 respondet
411 1002 512 1036 curis
531 1004 755 1049 aequatque
776 998 976 1049 Sychaeus
995 1012 1181 1036 amorem.

174 1066 247 1089 nee
268 1056 398 1089 minus
418 1054 588 1098 Aeneas,
610 1066 700 1089 casu
721 1066 931 1089 concussus
952 1055 1099 1102 iniquo,
1277 1055 1352 1092 475

174 1110 426 1157 prosequitur
443 1107 613 1143 lacrimis
631 1107 752 1155 longe
773 1112 815 1143 et
834 1109 1044 1143 miseratur
1059 1111 1233 1142 euntem.

229 1161 327 1197 Inde
348 1161 485 1197 datum
505 1161 667 1197 molitur
685 1163 772 1196 iter.
829 1163 986 1209 iamque
1006 1173 1095 1196 arva
1116 1161 1311 1196 tenebant

172 1214 323 1258 ultima,
346 1227 446 1263 quae
467 1215 574 1250 bello
595 1214 688 1249 clari
710 1219 862 1250 secreta
884 1214 1156 1263 frequentant.

172 1268 236 1304 hic
257 1268 313 1303 illi
333 1271 504 1304 occurrit
523 1268 696 1317 Tydeus,
717 1267 780 1303 hic
801 1267 975 1303 inclutus
995 1270 1112 1303 armis

174 1321 496 1371 Parthenopaeus
516 1327 557 1358 et
578 1321 738 1357 Adrasti
757 1321 943 1369 pallentis
961 1323 1103 1369 imago.
1278 1324 1353 1357 480

171 1375 236 1412 hic
255 1375 426 1411 multum
447 1375 528 1412 fleti
548 1375 597 1410 ad
618 1387 780 1423 superos
800 1374 985 1424 belloque
1005 1374 1144 1410 caduci

172 1429 439 1473 Dardanidae,
460 1442 556 1478 quos
575 1429 642 1464 ille
663 1431 789 1463 omnis
807 1428 928 1477 longo
948 1427 1087 1464 ordine
1106 1440 1273 1464 cernens

171 1485 380 1532 ingemuit,
390 1482 664 1531 Glaucumque
680 1480 1352 1531 MedontaqueThersilochumque,

170 1540 242 1574 tris
263 1536 545 1581 Antenoridas,
566 1536 778 1584 Cererique
799 1548 952 1571 sacrum
973 1534 1233 1584 Polyboeten,

172 1590 420 1640 Idaeumque
440 1593 562 1627 etiam
583 1602 731 1634 curmS,
751 1591 871 1625 etiam
891 1601 999 1624 arma
1017 1593 1239 1625 tenentem.
1275 1591 1349 1624 485

170 1647 428 1681 circumstant
446 1646 600 1680 animae
620 1643 761 1679 dextra
781 1643 970 1691 laevaque
989 1641 1230 1691 frequentes.

170 1711 246 1734 nec
266 1699 411 1734 vidisse
432 1697 555 1734 semel
576 1699 670 1734 satis
691 1702 775 1740 est3
803 1699 912 1732 iuvat
931 1708 1056 1745 usque
1076 1697 1219 1731 morari

342 1765 389 1784 ⁴⁷⁵¹
413 1767 588 1807 respoudit
605 1767 642 1796 R.
890 1762 937 1782 ⁴⁷⁵
961 1774 1136 1802 percussus
1150 1764 1190 1794 R.

342 1809 389 1827 ⁴⁷⁶
416 1811 571 1841 lacrimas
589 1808 642 1839 ,ἸῙἸ
660 1820 666 1840 :
689 1809 871 1840 lacrimans
889 1804 953 1838 Jl².

346 1852 390 1871 ‘¹⁷⁷
416 1853 551 1883 tenebat
569 1853 609 1882 P.
893 1848 939 1868 '¹3¹
963 1851 998 1880 hi
1017 1850 1064 1881 M.

343 1895 390 1913 ‘¹⁸4
415 1893 670 1935 Polybotenl’l.

343 1938 389 1957 ⁴³⁶
414 1940 598 1969 frementes
615 1938 655 1968 P.

173 2000 247 2032 538
