1430 2335
647 89 841 127 VIRGIL

153 167 346 214 principio
366 164 536 210 Italiam,
555 177 671 215 quam
692 170 737 202 tu
757 167 834 202 iam
853 177 940 203 rere
960 168 1219 216 propinquam

153 228 391 276 vicinosque,
410 229 562 276 ignare,
582 239 694 276 paras
713 226 900 264 invadere
920 232 1070 276 portus,

152 286 272 336 longa
290 287 427 337 procul
446 287 575 337 longis
594 290 655 324 via
675 288 817 325 dividit
835 290 940 324 invia
959 291 1085 326 terris.

153 353 248 385 ante
269 353 312 386 et
329 349 533 386 Trinacria
552 349 766 386 lentandus
786 361 916 386 remus
934 352 975 386 in
996 349 1102 385 unda

153 415 196 447 et
214 410 303 447 salis
323 411 488 447 Ausonii
507 409 756 447 lustrandum
776 411 941 447 navibus
959 423 1106 460 aequor
1258 413 1331 446 385

154 471 378 523 infernique
396 472 504 510 lacus
523 473 761 523 Aeaeaeque
780 472 907 509 insula
926 472 1076 519 Circae,

153 546 271 583 quam
290 539 377 571 tuta
396 536 519 583 possis
542 534 679 571 urbem
698 547 935 584 componere
954 539 1069 571 terra.

154 598 266 644 signa
284 596 358 632 tibi
378 595 520 641 dicam,
538 600 584 632 tu
604 595 764 632 condita
785 600 922 633 mente
941 600 1093 632 teneto.

154 670 243 693 cum
262 657 335 694 tibi
356 657 525 694 sollicito
545 660 688 694 secreti
708 657 758 693 ad
779 657 947 694 fluminis
967 656 1115 693 undam

153 718 305 756 litoreis
323 722 465 768 ingens
484 721 648 756 inventa
667 719 740 756 sub
759 719 913 755 ilicibus
932 731 996 755 sus
1258 721 1333 760 390

154 783 319 830 triginta
339 783 513 830 capitum
533 780 639 818 fetus
660 783 775 817 enixa
794 781 951 825 iacebit,

153 842 256 887 alba,
276 841 357 879 solo
376 843 581 887 recubans,
601 841 680 878 albi
701 844 848 878 circum
867 842 987 878 ubera
1006 843 1105 886 nati,

154 907 187 940 is
205 904 312 941 locus
331 905 437 940 urbis
457 907 545 950 erit,
566 907 722 954 requies
742 917 788 941 ea
807 909 915 940 certa
933 904 1121 942 laborum.

154 978 229 1002 nec
248 971 291 1002 tu
312 978 535 1002 mensarum
554 979 704 1003 morsus
725 966 906 1002 horresce
927 965 1103 1008 futuros;

155 1027 236 1064 fata
256 1030 357 1063 viam
376 1029 584 1064 invenient
602 1027 809 1076 aderitque
829 1031 988 1063 vocatus
1008 1026 1162 1075 Apollo.
1257 1030 1331 1068 395

154 1085 225 1121 has
243 1089 378 1121 autem
397 1089 522 1121 terras
543 1083 712 1133 Italique
733 1083 834 1120 hanc
853 1083 979 1120 litoris
998 1096 1117 1127 oram,

155 1144 330 1191 proxima
350 1153 450 1190 quae
470 1143 594 1177 nostri
613 1140 866 1189 perfunditur
884 1142 1062 1189 aequoris
1081 1143 1205 1185 aestu,

157 1198 285 1247 effuge
301 1211 309 1241 3
338 1202 480 1233 cuncta
498 1196 611 1233 malis
630 1196 863 1233 habitantur
881 1198 1037 1232 moenia
1057 1195 1181 1232 Grais.

155 1255 220 1291 hic
241 1260 282 1292 et
302 1255 463 1304 Narycii
482 1259 699 1304 posuerunt
718 1256 873 1290 moenia
894 1253 1008 1290 Locri

157 1318 199 1350 et
219 1312 457 1349 Sallentinos
476 1311 632 1348 obsedit
652 1311 778 1348 milite
798 1323 955 1359 campos
1255 1313 1332 1347 400

157 1370 320 1420 Lyctius
342 1369 603 1413 Idomeneus;
632 1368 695 1405 hic
716 1368 782 1405 illa
801 1368 911 1405 ducis
933 1367 1122 1404 Meliboei

156 1441 274 1478 parva
296 1427 542 1464 Philoctetae
563 1427 728 1463 subnixa
748 1425 901 1462 Petelia
918 1438 1041 1461 mur0.

157 1488 252 1535 quin
272 1486 339 1522 ubi
360 1487 613 1521 transmissae
633 1486 821 1520 steterint
840 1488 949 1519 trans
968 1494 1138 1531 aequora
1159 1481 1300 1518 classes

158 1549 200 1581 et
220 1545 358 1592 positis
376 1545 452 1579 aris
471 1544 547 1578 iam
569 1546 661 1578 vota
679 1543 720 1577 in
739 1541 856 1577 litore
876 1539 1014 1584 solves,

157 1613 355 1650 purpureo
377 1600 507 1636 velare
527 1611 655 1636 comas
675 1598 887 1648 adopertus
906 1600 1066 1642 amictu,
1256 1601 1331 1633 405

157 1671 208 1694 ne
229 1671 304 1707 qua
323 1660 429 1693 inter
448 1661 604 1693 sanctos
624 1658 726 1705 ignis
746 1657 787 1691 in
805 1654 954 1691 honore
974 1654 1138 1690 deorum

157 1715 311 1751 hostilis
331 1714 451 1751 facies
471 1718 650 1750 occurrat
670 1716 711 1750 et
730 1715 862 1748 omina
880 1711 1027 1748 turbet.

158 1769 264 1805 hune
285 1771 377 1804 socii
396 1780 546 1804 morem
567 1778 776 1811 sacrorum,
795 1765 901 1801 hunc
921 1767 1004 1813 ipse
1024 1768 1186 1811 teneto3

159 1826 231 1862 hac
252 1828 348 1862 casti
366 1829 554 1862 maneant
572 1826 614 1860 in
633 1823 824 1872 religione
843 1826 1020 1870 nepoteS.

157 1889 218 1920 ast
238 1883 306 1919 ubi
325 1882 545 1931 digressum
565 1881 719 1918 Siculae
738 1885 779 1916 te
798 1879 1018 1915 admoverit
1038 1890 1127 1916 orae
1259 1882 1335 1914 410

159 1945 302 1977 ventus
322 1945 364 1976 et
382 1941 541 1988 angusti
561 1942 761 1975 rarescent
780 1936 948 1973 claustra
969 1935 1107 1979 Pelori,

607 2001 649 2020 ⁴⁰⁷
674 2000 791 2032 omnia
807 1999 871 2031 Ml.

163 2049 239 2086 374-
