1430 2335
649 97 840 135 VIRGIL

154 177 347 226 Troiaque
367 188 472 212 nunc
492 177 617 224 pueri,
637 174 849 210 Troianum
869 174 1015 210 dicitur
1033 187 1188 224 agmen.

155 239 226 275 hac
247 238 447 274 celebrata
467 242 582 273 tenus
603 241 739 272 sancto
759 238 974 272 certamina
994 238 1109 285 patri.

208 300 288 335 Hic
308 301 481 348 primum
504 297 678 333 Fortuna
698 295 817 333 fidem
838 301 991 332 mutata
1004 299 1172 334 novavit.
1214 310 1216 313 ’

153 362 248 397 dum
270 362 385 396 variis
404 359 559 396 tumulo
579 358 759 395 referunt
778 357 983 395 sollemnia
1002 357 1119 402 ludis,
1255 357 1330 396 605

155 423 248 459 Irim
269 421 320 458 de
338 421 445 457 eaelo
467 423 574 456 misit
595 420 779 457 Saturnia
801 419 900 456 Iuno

155 484 313 520 Iliacam
333 483 383 518 ad
406 482 570 518 classem
589 487 808 530 ventosque
828 481 1004 530 adspirat
1024 484 1147 526 eunti,

153 546 279 584 multa
304 559 465 583 movens
493 545 662 582 necdum
688 547 897 595 antiquum
914 549 1086 582 saturata
1106 545 1292 583 dolorem.

153 605 219 642 illa
238 608 339 642 viam
361 605 536 641 celerans
556 617 627 654 per
647 604 756 641 mille
776 603 970 640 coloribus
990 617 1122 640 arcum

153 667 251 704 nulli
270 670 352 703 visa
371 669 449 703 cito
470 665 644 702 decurrit
663 667 823 701 tramite
843 667 963 713 virgo.
1257 665 1333 703 610

152 731 343 778 conspicit
362 730 569 778 ingentem
590 740 821 763 concursum
841 732 882 763 et
901 727 1017 763 litora
1036 726 1179 764 lustrat

153 791 410 840 desertosque
432 789 540 826 videt
562 794 696 838 portus
717 788 959 838 classemque
986 788 1174 826 relictam.

152 858 193 888 at
213 851 349 901 procul
371 854 409 887 in
431 851 511 887 sola
531 855 707 887 secretae
727 850 900 886 Troades
918 856 1005 886 acta

151 917 338 950 amissum
361 913 563 949 Anchisen
584 912 732 948 flebant
751 916 997 962 cunctaeque
1017 912 1256 961 profundum

153 980 321 1024 pontum
341 974 601 1023 aspectabant
621 973 772 1012 flenteS.
831 978 855 995 “
868 973 969 1010 heu!
1000 979 1059 1010 tot
1079 974 1177 1011 vada
1196 974 1308 1011 fessis

153 1043 194 1074 et
212 1042 369 1074 tantum
391 1049 594 1085 superesse
615 1038 731 1071 maris
750 1035 756 1071 l
774 1034 796 1048 ’'
852 1048 926 1071 vox
946 1037 1127 1072 omnibus
1149 1049 1234 1073 una.
1258 1034 1334 1073 616

152 1099 291 1135 urbem
311 1103 445 1141 orant;
477 1097 616 1134 taedet
636 1097 767 1146 pelagi
789 1096 966 1146 perferre
986 1096 1172 1134 laborem.

152 1173 248 1209 ergo
268 1163 372 1196 inter
392 1159 543 1196 medias
564 1172 649 1195 sese
671 1158 776 1195 haud
796 1161 932 1207 ignara
952 1159 1123 1195 nocendi

152 1224 298 1258 conicit
318 1226 359 1258 et
379 1220 601 1270 faciemque
621 1220 720 1256 deae
740 1225 972 1270 vestemque
993 1223 1149 1269 reponit
1166 1233 1175 1266 3

152 1284 196 1320 fit
217 1283 354 1326 Beroe,
375 1282 523 1319 Tmarii
543 1284 714 1318 coniunx
732 1282 926 1330 longaeva
947 1281 1122 1331 Dorycli,
1258 1281 1333 1320 6⁶20

152 1346 214 1380 cui
234 1357 359 1393 genus
381 1348 422 1380 et
443 1343 642 1393 quondam
663 1355 809 1379 nomen
829 1345 992 1392 natique
1012 1343 1190 1387 fuissent,

151 1419 197 1442 ac
218 1408 272 1442 sic
293 1405 571 1442 Dardanidum
591 1405 764 1441 mediam
785 1417 825 1440 se
846 1405 1036 1441 matribus
1057 1405 1201 1442 infert:

152 1472 177 1489 “
190 1481 212 1503 o
250 1470 430 1511 miserae,
466 1480 561 1517 quas
604 1479 684 1502 non
724 1465 905 1511 manus,''
947 1468 1088 1516 inquit,
1122 1471 1147 1488 “
1160 1467 1333 1504 Achaica

257 1528 363 1565 bello

154 1593 319 1628 traxerit
338 1590 388 1626 ad
408 1590 534 1626 letum
554 1591 707 1638 patriae
729 1589 802 1625 sub
821 1590 1030 1626 moenibus
1047 1591 1055 1627 1
1111 1603 1134 1627 0
1153 1603 1252 1640 gens

153 1652 304 1696 infelix,
325 1654 388 1688 cui
407 1657 449 1688 te
470 1653 591 1688 exitio
613 1651 787 1687 Fortuna
806 1652 1008 1687 reservat?
1258 1651 1333 1690 625

153 1716 322 1763 septima
343 1717 433 1762 post
453 1713 592 1749 Troiae
616 1712 814 1748 excidium
830 1714 907 1748 iam
927 1715 1095 1749 vertitur
1113 1719 1254 1758 aestas,

154 1788 242 1811 cum
261 1774 377 1820 freta,
397 1787 487 1810 cum
509 1778 633 1810 terras
654 1776 793 1817 omnis,
814 1777 876 1809 tot
896 1772 1094 1823 inhospita
1114 1788 1204 1811 saxa

154 1836 361 1885 sideraque
382 1848 567 1872 emensae
588 1834 765 1879 ferimur,
786 1834 880 1871 dum
901 1847 973 1883 per
992 1848 1100 1872 mare
1121 1850 1308 1886 magnum

325 1929 373 1948 ⁶⁰⁴
398 1931 476 1961 hinc
494 1932 563 1961 PR.
832 1927 879 1947 ⁶⁰⁹
903 1930 1075 1962 celebrans
1092 1930 1156 1964 211¹.

325 1971 371 1991 ⁶¹¹
393 1983 589 2005 consessum
607 1973 668 2005 Ml.

155 2028 232 2065 486
