1430 2335
670 86 859 123 VIRGIL

173 168 381 200 aeternum
401 162 621 212 frangenda
641 163 886 209 bidentibus,
899 176 1014 200 omne
1030 162 1242 200 levandum
1273 166 1350 199 400

173 226 314 264 fronde
335 240 486 265 nemus.
542 227 647 264 redit
665 228 848 277 agricolis
870 228 978 264 labor
997 233 1108 265 actus
1128 230 1169 264 in
1188 228 1336 274 orbem,

173 296 293 341 atque
315 294 355 327 in
374 305 415 329 se
436 305 503 328 sua
521 305 593 341 per
612 295 778 341 vestigia
798 293 968 329 volvitur
988 305 1125 330 annus.

173 368 218 391 ac
239 358 316 391 iani
337 355 431 392 olim
453 369 555 392 seras
575 359 707 405 posuit
728 370 816 392 cum
837 359 949 393 vinea
968 356 1141 401 frondes,

175 419 342 468 frigidus
362 425 404 457 et
422 419 527 456 silvis
549 420 694 469 Aquilo
714 420 887 457 decussit
905 420 1110 464 honorem,

173 486 250 519 iani
270 488 357 521 tum
375 498 465 522 acer
485 498 595 521 curas
617 487 844 522 venientem
864 485 1049 522 extendit
1070 488 1109 520 in
1128 497 1278 520 annum

173 552 352 596 rusticus,
375 555 416 586 et
436 562 552 587 curvo
573 549 732 586 Saturni
753 549 876 586 dente
896 549 1074 586 relictam
1275 545 1350 584 406

172 617 423 664 persequitur
442 616 563 650 vitem
585 613 800 650 attondens
820 613 1012 663 fingitque
1032 612 1223 662 putando.

172 680 322 726 primus
338 678 505 714 humum
526 677 665 721 fodito,
687 680 835 726 primus
855 677 1021 714 devecta
1043 680 1216 712 cremato

173 748 370 779 sarmenta
391 747 433 779 et
453 742 574 778 vallos
594 744 744 791 primus
765 742 835 778 sub
857 747 963 777 tecta
982 741 1156 784 refert03

172 812 398 859 postremus
417 809 573 843 metito.
632 807 690 841 bis
711 806 854 842 vitibus
874 808 1026 855 ingruit
1046 805 1198 848 umbra,
1273 808 1349 840 410

171 874 229 909 bis
251 876 429 921 segetem
450 871 582 907 densis
601 870 806 907 obducunt
826 870 1004 906 sentibus
1023 869 1170 905 herbae
1187 881 1195 912 ;

172 937 293 973 durus
313 941 481 985 uterque
502 935 633 971 labor:
666 934 825 971 laudato
846 936 1026 983 ingentia
1045 946 1146 978 rura,

173 1003 361 1050 exiguum
381 1001 510 1036 colito.
569 1012 643 1035 nec
663 1012 740 1035 non
762 1001 882 1035 etiam
903 1011 1041 1047 aspera
1061 1000 1161 1034 rusci

171 1067 318 1101 vimina
337 1077 408 1113 per
428 1063 565 1100 silvam
587 1067 628 1099 et
648 1066 741 1112 ripis
761 1063 924 1099 fluvialis
944 1062 1125 1098 harundo

172 1129 363 1174 caeditur,
379 1128 598 1177 incultique
621 1132 780 1164 exercet
809 1140 899 1163 cura
918 1126 1055 1164 salicti.
1274 1129 1348 1163 415

173 1197 248 1230 iam
269 1196 425 1229 vinctae
457 1192 573 1235 vites,
595 1194 671 1228 iam
692 1191 832 1227 falcem
854 1191 1013 1227 arbusta
1034 1194 1246 1240 reponunt,

171 1261 249 1294 iam
270 1260 377 1293 canit
397 1256 557 1294 effectos
578 1261 779 1293 extremus
800 1258 945 1291 vinitor
963 1260 1099 1292 antes:

173 1321 422 1358 sollicitanda
443 1326 576 1357 tamen
596 1320 717 1357 tellus
738 1319 945 1369 pulvisque
966 1319 1200 1364 movendus,

172 1389 214 1420 et
235 1386 311 1420 iam
331 1385 494 1419 maturis
514 1381 753 1419 metuendus
777 1381 956 1430 luppiter
977 1383 1070 1417 uvis.

226 1448 372 1484 Contra
392 1460 468 1483 non
490 1446 571 1482 ulla
591 1451 652 1482 est
672 1445 768 1481 oleis
791 1445 964 1488 cultura,
986 1457 1118 1495 neque
1138 1444 1230 1480 illae
1272 1447 1349 1480 420

173 1524 404 1561 procurvam
425 1514 660 1559 exspectant
679 1509 823 1545 falcem
845 1514 1066 1558 rastrosque
1088 1510 1251 1554 tenacis,

172 1589 259 1613 cum
283 1575 404 1611 semel
424 1574 638 1611 haeserunt
657 1575 756 1610 arvis
776 1586 967 1622 aurasque
988 1573 1191 1616 tulerunt;

171 1643 255 1690 ipsa
275 1643 368 1677 satis
388 1639 521 1683 tellus,
542 1651 630 1674 cum
651 1638 774 1675 dente
795 1637 1016 1674 recluditur
1035 1651 1149 1681 unco,

172 1705 313 1741 sufficit
332 1716 511 1741 umorem
531 1707 572 1739 et
592 1702 786 1751 gravidas,
807 1716 894 1738 cuin
915 1715 1085 1746 vomere,
1106 1701 1251 1751 fruges.

173 1769 246 1805 hoc
267 1772 458 1818 pinguem
479 1772 520 1805 et
541 1767 726 1817 placitam
748 1767 836 1803 Paci
858 1769 1030 1803 nutritor
1045 1766 1200 1802 olivam.
1270 1770 1344 1804 425

279 1865 325 1885 “¹⁰⁵
342 1866 507 1897 extendet-
531 1864 579 1898 ill.
883 1862 929 1881 “¹⁰⁶
947 1863 1094 1895 auricola
1109 1864 1150 1894 R.

277 1908 323 1926 ³¹¹
342 1910 509 1940 inducunt
526 1909 566 1938 P.
884 1905 930 1924 ‘¹¹⁷
948 1906 1084 1938 effectus
1102 1904 1166 1938 M2.

279 1950 325 1970 “¹²⁰
344 1962 411 1983 non
430 1951 524 1983 nulla
540 1951 578 1982 R.
883 1948 929 1968 ¹²⁵
946 1949 1096 1981 nutritur
1113 1949 1192 1981 MP.

175 2011 247 2043 144
