1430 2335
652 92 844 130 VIRGIL

216 167 272 203 At
290 167 418 204 laetus
438 167 674 204 Mnestheus
693 181 952 219 successuque
971 173 1094 207 acrior
1113 174 1196 221 ipso
1259 177 1334 210 210

164 224 322 269 agmine
341 234 536 257 remorum
555 221 674 257 celeri
693 225 900 272 ventisque
918 227 1064 260 vocatis

165 287 286 323 prona
304 277 407 323 petit
426 277 546 310 maria
565 279 607 311 et
625 275 767 324 pelago
785 276 959 313 decurrit
977 283 1126 326 aperto,

165 327 290 376 qualis
310 327 498 376 spelunca
517 329 646 364 subito
666 335 861 366 commota
881 330 1072 376 columba,

166 384 227 417 cui
247 381 388 417 domus
408 385 449 417 et
468 381 604 417 dulces
622 381 820 419 latebroso
838 385 880 419 in
898 387 1053 432 pumice
1073 385 1169 430 nidi,

166 434 292 471 fertur
309 436 350 470 in
368 447 461 470 arva
479 435 614 471 volans
633 436 892 485 plausumque
909 440 1096 474 exterrita
1112 441 1241 487 pinnis
1261 443 1336 475 215

165 488 234 524 dat
254 492 363 524 tecto
382 490 602 537 ingentem,
622 502 712 525 mox
731 493 822 526 aere
842 490 949 539 lapsa
969 493 1104 540 quieto

165 542 269 578 radit
287 544 364 577 iter
383 541 577 590 liquidum
598 542 736 578 celeris
755 556 885 593 neque
906 549 1128 581 commovet
1146 545 1225 582 alas
1241 559 1249 582 z

166 599 220 631 sic
242 594 489 639 Mnestheus,
512 598 565 631 sic
585 598 667 643 ipsa
687 595 782 644 fuga
801 602 907 633 secat
928 597 1065 633 ultima
1088 597 1223 635 Pristis

166 662 348 698 aequora,
369 651 422 684 sic
441 648 547 684 illam
569 649 647 685 fert
665 652 836 698 impetus
855 652 938 699 ipse
959 651 1172 689 volantem.

167 708 210 740 et
229 705 398 751 primum
419 705 459 737 in
479 702 638 750 scopulo
657 702 877 739 luctantem
897 703 1046 740 deserit
1065 705 1146 741 alto
1263 709 1339 741 QQO

167 758 400 804 Sergestum
419 756 681 805 brexibusque
701 756 808 792 vadis
827 756 1049 806 frustraque
1070 763 1278 795 vocantem

166 810 309 845 auxilia
330 814 371 845 et
390 808 524 845 flactis
544 809 765 845 discentem
784 823 939 847 clllmrele
960 814 1089 848 remis.

166 863 260 899 inde
282 863 345 912 G)
347 876 395 898 an
416 865 620 911 ipsamque
639 865 795 910 ingenti
815 863 917 899 mole
938 863 1183 901 Chimaeram

168 919 447 965 consequitur3
476 916 596 960 cedit,
616 919 801 965 quoniam
820 917 985 965 spoliata
1007 920 1195 966 magistro
1215 923 1287 955 est.

221 970 334 1006 Solus
352 972 509 1018 iamque
528 971 612 1017 ipso
631 975 812 1018 superest
830 973 870 1006 in
889 970 966 1007 fine
987 971 1225 1015 Cloanthus3
1266 976 1340 1008 2⁶25

168 1037 285 1073 quem
306 1026 409 1072 petit
429 1028 470 1058 et
489 1026 649 1059 summis
667 1023 832 1060 adnixus
853 1024 997 1060 viribus
1015 1030 1144 1073 urget.

167 1083 253 1114 tum
273 1089 364 1113 vero
382 1079 603 1126 ingeminat
623 1076 782 1122 clamor,
801 1080 1013 1126 cunctique
1033 1083 1268 1127 sequentem

168 1133 362 1179 instigant
381 1129 532 1174 studiis,
554 1136 789 1179 resonatque
810 1130 1030 1179 fragoribus
1049 1131 1198 1168 aether.

168 1184 208 1220 hi
228 1186 427 1233 proprium
447 1183 568 1220 decus
588 1188 630 1219 et
649 1189 804 1232 partum
823 1184 1083 1233 indignantur
1101 1185 1290 1221 honorem

168 1241 208 1273 ni
227 1242 408 1282 teneant,
422 1239 622 1286 vitamque
642 1237 781 1273 volunt
801 1250 871 1300 pro
890 1237 1007 1274 laude
1028 1241 1196 1287 pacisci:
1266 1242 1342 1274 230

168 1291 238 1328 hos
258 1303 458 1327 successus
477 1290 574 1333 alit3
603 1295 780 1339 possunt,
800 1293 891 1353 quia,
909 1304 1021 1340 posse
1042 1292 1236 1328 videntur.

168 1351 210 1381 et
230 1344 309 1381 fors
326 1346 504 1393 aequatis
523 1346 722 1392 cepissent
741 1347 914 1392 praemia
934 1348 1080 1388 rostris,

168 1401 208 1434 ni
229 1398 377 1447 palmas
398 1402 520 1446 ponto
539 1397 711 1433 tendens
732 1403 916 1447 utrasque
937 1397 1154 1435 Cloanthus

168 1452 415 1501 fudissetque
434 1463 573 1499 preces
591 1450 780 1500 divosque
799 1454 840 1487 in
858 1457 949 1487 vota
967 1457 1157 1489 vocasset.

168 1506 253 1549 “di,
267 1506 407 1554 quibus
420 1507 629 1553 imperium
642 1509 701 1540 est
714 1504 1031 1554 pelagi,quorum
1041 1518 1209 1555 aequora
1219 1518 1343 1550 curro,

167 1560 278 1595 vobis
298 1559 425 1594 laetus
447 1570 521 1605 ego
542 1558 616 1593 hoc
635 1558 874 1594 candentem
890 1560 930 1594 in
946 1558 1061 1595 litore
1078 1564 1233 1595 taurum
1268 1557 1343 1595 2:36

168 1615 407 1648 constituam
427 1617 520 1647 ante
540 1624 624 1647 aras
645 1615 725 1648 voti
747 1625 849 1655 reus,
870 1616 1041 1661 extaque
1061 1612 1181 1649 salsos

168 1668 375 1715 porriciam
394 1667 434 1701 in
455 1664 596 1701 fluctus
616 1669 658 1701 et
676 1667 766 1700 vina
785 1665 980 1715 liquentia
999 1665 1200 1702 fundam.'’

167 1720 278 1765 dixit,
301 1731 471 1768 eumque
490 1720 577 1754 imis
598 1719 669 1755 sub
689 1717 872 1755 fluctibus
891 1718 1017 1755 audiit
1036 1722 1161 1755 omnis

230 1806 258 1825 1²
283 1806 421 1848 pelago]
440 1808 532 1838 caelo
551 1807 751 1844 Quintilian.
969 1805 1015 1825 ²²⁶
1040 1808 1159 1838 enixus
1175 1808 1237 1846 Py.

212 1849 259 1868 ²²⁸
283 1861 362 1888 -que
377 1851 507 1881 omitted
523 1850 584 1889 Py.
630 1851 835 1881 clamoribus
847 1850 909 1889 P‹y.

212 1892 259 1912 ²³⁵
284 1894 392 1932 pelagi
411 1896 463 1924 est
479 1891 589 1924 M²Ica
638 1903 783 1930 aequore
798 1893 861 1932 By.

212 1935 258 1954 ²³⁸
283 1937 441 1976 poriciam
476 1934 549 1966 ⁴11²:
583 1937 762 1976 porriciam
788 1935 987 1970 Macrobius.
1009 1935 1122 1966 known
1143 1940 1173 1966 to
1192 1937 1323 1968 Servius

168 1980 330 2019 proiciam
349 1977 473 2016 MlPR,
491 1979 605 2009 known
622 1983 651 2009 to
667 1979 809 2010 Servius.
855 1979 902 2016 et]
919 1988 956 2009 ac
973 1979 1055 2018 1³71».

172 2037 248 2076 460
