1430 2335
641 86 833 124 VIRGIL

152 170 331 203 insanam
352 169 484 202 vatem
503 166 680 213 aspicies,
700 175 801 213 quae
820 175 917 212 rupe
938 163 1009 199 sub
1029 165 1106 199 ima

153 228 235 265 fata
254 229 362 264 canit
381 226 564 275 foliisque
584 230 698 262 notas
717 230 759 261 et
777 227 936 261 nomina
955 224 1129 262 mandat.

153 301 424 339 quaecumque
444 291 485 324 in
506 287 608 324 foliis
627 286 838 335 descripsit
857 289 1030 322 carmina
1048 289 1172 335 virgo,
1253 289 1329 322 445

152 352 300 401 digerit
320 354 361 387 in
382 362 592 387 numerum
611 354 731 399 atque
751 354 866 385 antro
886 348 1035 385 seclusa
1054 348 1254 396 relinquit.

152 413 220 449 illa
240 417 407 450 manent
426 415 589 448 immota
609 411 704 447 locis
723 423 854 460 neque
874 410 924 446 ab
943 409 1082 446 ordine
1102 408 1252 445 cedunt
1268 420 1278 452 3

151 487 289 512 verum
307 473 461 517 eadem,
482 485 593 509 verso
612 474 744 509 tenuis
764 484 853 508 cum
873 471 1032 507 cardine
1052 475 1195 507 ventus

151 536 311 587 impulit
330 540 372 572 et
391 541 550 573 teneras
570 534 745 571 turbavit
765 537 880 570 ianua
900 533 1074 576 frondes,

152 611 368 648 numquam
388 597 536 634 deinde
557 610 651 633 cavo
670 596 880 633 volitantia
900 596 1097 645 prendere
1118 608 1209 631 saxo
1255 597 1331 631 450

152 673 225 696 nec
244 672 427 695 revocare
449 661 545 694 situs
568 663 637 693 aut
657 660 821 707 iungere
843 660 1016 693 carmina
1037 661 1172 699 curat3

153 720 366 757 inconsulti
385 720 534 756 abeunt
554 719 771 768 sedemque
792 718 912 755 odere
933 717 1118 768 Sibyllae.

152 781 217 818 hic
237 782 310 818 tibi
331 794 381 818 ne
402 794 477 831 qua
499 793 631 817 morae
653 780 805 816 fuerint
827 780 1036 829 dispendia
1057 782 1173 824 tanti,

153 845 330 893 quamvis
351 845 596 892 increpitent
617 844 712 877 socii
732 846 773 877 et
794 843 831 876 vi
851 853 984 877 cursus
1006 844 1044 877 in
1064 841 1189 877 altum

154 905 240 941 vela
260 908 375 941 vocet
399 906 602 953 possisque
624 905 731 939 sinus
752 903 920 952 implere
940 903 1146 946 secundos,
1256 907 1331 939 455

153 968 247 1016 quin
268 966 387 1002 adeas
406 970 537 1001 vatem
560 965 821 1014 precibusque
841 964 996 1000 oracula
1016 977 1151 1014 poscas

152 1028 237 1074 ipsa
258 1030 373 1061 canat
391 1037 610 1073 vocemque
631 1023 767 1060 volens
786 1028 905 1072 atque
928 1036 993 1058 ora
1014 1022 1195 1059 resolvat.
1255 1035 1334 1060 GMP

153 1087 220 1123 illa
240 1087 313 1122 tibi
335 1085 475 1122 Italiae
495 1085 661 1134 populos
682 1090 928 1133 venturaque
949 1084 1053 1120 bella

154 1153 195 1184 et
215 1160 292 1198 quo
312 1159 511 1197 quemque
532 1146 650 1182 modo
672 1146 877 1195 fugiasque
898 1145 1078 1194 ferasque
1098 1145 1288 1189 laborem,

154 1209 358 1259 expediet,
379 1221 591 1257 cursusque
612 1207 725 1243 dabit
745 1211 932 1242 venerata
953 1207 1156 1244 secundos.
1256 1205 1333 1244 460

154 1270 254 1307 haec
274 1275 380 1316 sunt,
400 1282 500 1319 quae
521 1274 653 1304 nostra
672 1269 792 1305 liceat
810 1273 851 1305 te
871 1280 965 1304 voce
985 1270 1148 1305 moneri.

154 1332 254 1368 vade
273 1345 347 1381 age
368 1335 410 1367 et
429 1334 637 1379 ingentem
658 1329 772 1366 factis
792 1328 853 1365 fer
872 1329 921 1364 ad
942 1328 1105 1365 aethera
1125 1328 1308 1367 Troiam)

210 1392 358 1438 “Quae
379 1397 590 1442 postquam
611 1396 720 1427 vates
740 1393 795 1427 sic
814 1403 882 1427 ore
903 1389 1041 1426 effatus
1062 1393 1187 1427 amieo
1208 1396 1278 1438 est,

155 1455 259 1491 dona
279 1453 425 1490 dehinc
445 1465 538 1489 auro
559 1455 691 1501 gravia
712 1457 898 1501 sectoque
918 1450 1134 1500 elephanto

155 1519 325 1565 imperat
344 1515 393 1552 ad
415 1517 523 1550 navis
544 1512 652 1559 ferri,
674 1516 875 1563 stipatque
896 1515 1035 1549 carinis
1257 1512 1332 1550 465

155 1580 296 1627 ingens
315 1581 527 1626 argentum
548 1574 863 1624 Dodonaeosque
884 1573 1048 1617 lebetas,

156 1639 316 1675 loricam
337 1642 557 1674 consertam
577 1636 703 1672 hamis
722 1648 894 1685 auroque
915 1635 1097 1681 trilicem,

157 1706 197 1737 et
219 1713 361 1736 conum
381 1701 544 1748 insignis
565 1697 701 1747 galeae
722 1699 937 1746 cristasque
957 1699 1161 1741 comantis,

156 1775 263 1798 arma
284 1760 552 1810 Neoptolemi.
609 1764 701 1795 sunt
720 1763 762 1795 et
780 1771 848 1794 sua
866 1758 969 1794 dona
988 1761 1155 1807 parenti.

157 1823 271 1859 addit
291 1835 411 1872 equos
429 1821 621 1870 additque
640 1821 760 1857 duces
777 1833 786 1865 3
1256 1823 1332 1860 470

158 1886 368 1934 remigium
390 1883 575 1933 supplet3
606 1885 729 1919 socios
749 1882 864 1919 simul
884 1884 1044 1918 instruit
1063 1884 1189 1918 armis.

285 1952 328 1971 ⁴¹⁴⁹
352 1952 499 1990 teneras]
521 1952 619 1983 terris
635 1951 690 1983 Pl.
863 1950 907 1970 ‘⁵⁶
930 1953 1052 1984 vocent
1070 1948 1178 1982 M²P².

287 1995 329 2014 ⁴⁶⁹
353 1995 502 2034 parentis
518 1995 557 2027 P.

161 2041 236 2077 378
