1430 2335
673 109 863 145 VIRGIL

184 187 278 237 quid
297 187 439 232 dicam,
458 189 560 223 iacto
580 188 646 235 qui
666 189 816 223 semine
836 188 1052 223 comminus
1072 200 1163 222 arva

184 244 404 289 insequitur
417 239 671 289 cumulosque
685 242 763 276 ruit
774 239 876 276 male
890 242 1046 289 pinguis
1062 240 1246 284 harenae,
1278 240 1350 277 105

185 294 329 329 deinde
350 296 443 329 satis
462 293 622 329 fluvium
641 293 794 329 inducit
814 295 993 342 rivosque
1013 295 1215 342 sequentis

185 352 239 391 et,
259 360 348 382 eum
369 352 529 383 exustus
549 359 643 394 ager
662 346 922 382 morientibus
941 352 1096 383 aestuat
1117 346 1257 391 herbis,

186 413 277 436 ecce
299 400 508 448 supercilio
528 399 661 435 clivosi
681 402 851 436 tramitis
870 399 1016 435 undam

186 453 319 489 elicit?
350 453 416 488 illa
436 453 580 489 cadens
600 465 759 488 raucum
780 465 851 501 per
868 452 970 488 levia
989 465 1163 488 murmur

186 520 274 542 saxa
295 509 374 543 ciet
394 507 661 554 scatebrisque
682 508 834 542 arentia
854 510 1052 554 temperat
1069 518 1171 542 arva.
1285 507 1359 543 110

185 559 279 609 quid
300 562 379 609 qui,
400 573 451 596 ne
471 559 641 607 gravidis
661 559 894 608 procumbat
915 559 1065 595 culmus
1085 561 1226 603 aristis,

184 613 379 650 luxuriem
399 618 580 661 segetum
600 617 739 649 tenera
757 612 935 661 depascit
955 614 994 647 in
1015 611 1151 656 herba,

185 680 274 702 cum
294 669 463 715 primum
483 666 609 702 sulcos
628 670 801 715 aequant
821 666 931 701 sata?
960 668 1105 714 quique
1125 664 1279 713 paludis

186 720 395 756 collectum
416 732 593 755 umorem
613 719 747 755 bibula
767 719 929 755 deducit
948 718 1122 754 harena?

186 776 416 822 praesertim
438 775 597 809 incertis
618 775 648 808 si
668 773 867 808 mensibus
887 775 1011 808 amnis
1032 771 1237 808 abundans
1287 772 1359 809 115

186 830 268 863 exit
289 832 330 863 et
350 826 523 862 obducto
542 826 623 862 late
643 830 758 862 tenet
778 828 908 861 omnia
927 825 1032 870 limo,

187 880 292 916 unde
315 893 430 915 cavae
451 879 588 928 tepido
609 879 753 915 sudant
773 891 907 914 umore
927 878 1101 915 lacunae.

239 933 325 969 Nec
344 938 491 978 tamen,
513 933 609 969 haec
629 945 717 968 cum
744 934 823 968 sint
851 931 1132 981 hominumque
1161 933 1358 982 boumque

292 986 445 1022 labores

187 1040 376 1076 versando
397 1045 540 1076 terrani
563 1042 730 1088 experti,
751 1038 848 1074 nihil
870 1039 1069 1087 improbus
1089 1051 1203 1075 anser

187 1093 514 1143 Strymoniaeque
534 1105 651 1141 grues
671 1098 713 1129 et
733 1095 872 1128 amaris
892 1093 1018 1128 intiba
1038 1092 1142 1128 fibris
1286 1093 1358 1129 120

186 1147 360 1183 officiunt
380 1151 448 1183 aut
469 1147 605 1182 umbra
625 1151 753 1182 nocet.
812 1150 925 1194 pater
944 1148 1026 1194 ipse
1047 1145 1203 1182 colendi

186 1200 291 1236 haud
313 1199 468 1236 facilem
490 1212 574 1236 esse
594 1202 696 1235 viam
717 1198 853 1244 voluit,
873 1201 1099 1248 primusque
1120 1212 1190 1248 per
1209 1203 1336 1235 artem

186 1256 309 1290 movit
329 1266 453 1302 agros,
475 1255 576 1289 curis
596 1265 741 1289 acuens
760 1252 939 1288 mortalia
960 1252 1088 1296 corda,

187 1320 260 1343 nec
280 1312 438 1355 torpere
459 1309 566 1354 gravi
588 1319 722 1355 passus
743 1318 810 1341 sua
833 1318 954 1354 regna
974 1311 1148 1342 veterno.

186 1366 279 1397 ante
301 1360 435 1396 Iovem
455 1359 553 1395 nulli
575 1360 813 1408 subigebant
833 1372 922 1394 arva
943 1358 1094 1405 coloni3
1290 1361 1306 1397 1

187 1426 237 1450 116
258 1416 412 1462 signare
434 1412 596 1462 quidem
616 1418 684 1448 aut
705 1415 842 1461 partiri
862 1412 989 1448 limite
1009 1425 1190 1461 campum

187 1467 243 1503 fas
264 1471 372 1503 erat:
400 1469 439 1502 in
461 1466 636 1502 medium
657 1466 913 1515 quaerebant,
934 1468 1096 1514 ipsaque
1116 1465 1236 1502 tellus

187 1522 317 1555 onmia
337 1519 512 1564 liberius,
532 1519 642 1554 nullo
663 1524 866 1567 poscente,
886 1518 1050 1554 ferebat.

188 1573 253 1609 ille
274 1573 420 1608 malum
442 1575 544 1608 virus
566 1573 816 1620 serpentibus
836 1571 989 1607 addidit
1009 1574 1114 1616 atris,

187 1626 445 1675 praedarique
466 1625 578 1675 lupos
599 1628 711 1661 iussit
732 1630 978 1674 pontumque
998 1627 1158 1670 moveri,
1292 1626 1364 1663 130

1314 1359 1335 1396 [0

1340 1361 1362 1396 ΕΠ

646 1710 689 1729 ²⁰⁶
714 1709 857 1741 fluentes
873 1711 914 1742 R.

234 1830 245 1848 ¹
269 1833 293 1862 i.
298 1842 321 1861 e.
339 1841 382 1861 no
399 1831 518 1871 tillacre
535 1841 597 1861 can
614 1830 658 1860 do
676 1841 712 1861 so
729 1830 829 1861 much
851 1830 903 1860 for
920 1829 1032 1870 Mysia
1050 1840 1086 1860 as
1102 1833 1170 1860 wet
1186 1840 1361 1867 Summers,

189 1874 305 1905 follow
308 1873 348 1904 ed
365 1873 409 1914 1))
428 1856 498 1914 (li-3³?
510 1874 659 1904 wintels.
708 1873 816 1903 These
830 1872 979 1914 produce
993 1872 1256 1913 extmordinary
1267 1883 1365 1913 crops

190 1928 232 1947 on
250 1917 308 1947 the
325 1907 397 1947 ricli
415 1916 525 1956 slopes
541 1915 576 1946 of
591 1915 672 1946 Gai
663 1926 775 1956 rarus.

234 1959 341 1990 21116
371 1970 400 1989 w
404 1963 488 1996 atel,
523 1958 634 1989 which
660 1969 741 1989 runs
766 1959 798 1989 in
825 1968 844 1989 a
868 1957 1004 1988 banked
1023 1968 1068 1999 up
1098 1958 1242 1988 channel
1273 1968 1315 1989 on
1345 1968 1365 1988 a

192 2020 239 2056 88
