1430 2335
654 113 846 151 VIRGIL

232 190 345 225 Haec
364 192 420 226 ait
439 194 482 226 et
502 189 608 225 Maia
627 192 809 238 genitum
828 189 1009 226 demittit
1027 190 1077 226 ab
1095 189 1189 235 alto,

177 252 222 284 ut
241 253 373 284 terrae
392 253 517 297 utque
537 261 662 284 novae
682 252 849 297 pateant
868 248 1126 297 Karthaginis
1145 261 1253 285 arces

177 305 350 355 hospitio
370 306 544 353 Teucris,
563 319 615 343 ne
633 306 707 342 fati
725 308 859 343 nescia
877 306 986 343 Dido

177 363 319 401 finibus
337 370 502 402 arceret.
558 365 665 401 volat
683 364 752 401 ille
772 378 844 414 per
862 369 952 401 aera
972 377 1160 414 magnum
1278 368 1355 401 300

179 427 341 473 remigio
359 424 510 460 alarum
528 437 573 460 ac
595 424 742 473 Libyae
762 427 862 460 citus
881 424 1038 461 adstitit
1055 426 1143 461 oris.

178 489 220 520 et
239 487 315 519 iam
337 486 439 520 iussa
459 483 568 528 facit,
592 488 825 532 ponuntque
846 482 991 519 ferocia
1013 483 1135 519 Poeni

177 542 296 579 corda
315 543 475 579 volente
495 542 571 579 deo
589 555 598 586 3
627 545 668 578 iu
687 545 822 591 primis
841 544 980 590 regina
999 545 1178 591 quietum

176 602 321 650 accipit
339 604 379 637 in
399 600 572 637 Teucros
591 604 764 637 animum
786 606 1045 650 mentemque
1064 601 1290 650 benignam.

227 660 285 696 At
304 663 390 709 pius
411 660 580 704 Aeneas,
601 672 671 708 per
691 664 850 695 noctem
870 659 1039 708 plurima
1057 659 1231 704 volvens,
1277 664 1353 696 305

175 723 222 755 ut
239 721 413 768 primum
432 718 500 754 lux
519 718 621 754 alma
641 718 734 754 data
754 723 828 763 est,
849 721 956 754 exire
975 717 1161 766 locosque

177 777 382 826 explorare
404 789 540 822 novos,
559 789 655 826 quas
674 781 795 812 vento
813 778 1026 812 accesserit
1043 789 1143 821 oras,

176 839 244 886 qui
263 841 430 872 teneant
449 834 558 886 (nam
577 835 728 871 inculta
747 835 889 885 videt),
908 835 1143 872 hominesne
1162 835 1335 882 feraene,

175 906 365 945 quaerere
385 896 595 930 constituit
613 896 805 943 sociisque
825 899 962 931 exacta
981 893 1143 931 referre.

175 953 339 990 classem
360 956 399 989 in
420 965 596 989 convexo
615 965 819 989 nemorum
841 953 913 989 sub
931 965 1030 1002 rupe
1049 958 1186 989 cavata
1278 957 1354 990 310

174 1013 378 1049 arboribus
398 1011 569 1048 clausam
589 1014 736 1048 circum
755 1016 875 1061 atque
895 1011 1149 1048 horrentibus
1168 1013 1316 1049 umbris

174 1071 320 1108 occulit
338 1084 347 1114 ;
376 1074 459 1120 ipse
480 1084 558 1107 uno
577 1071 758 1119 graditur
776 1073 987 1107 comitatus
1008 1070 1177 1116 Achate,

174 1131 267 1167 bina
285 1143 404 1166 manu
424 1130 505 1166 lato
524 1132 698 1178 crispans
719 1129 875 1165 hastilia
894 1129 1009 1166 ferro.

175 1192 236 1226 cui
256 1194 384 1225 mater
402 1188 534 1224 media
554 1201 639 1225 sese
660 1189 754 1224 tulit
773 1188 888 1224 obvia
907 1187 1015 1233 silva,
1079 1235 1082 1237 ‚

173 1251 337 1297 virginis
356 1260 398 1283 os
419 1247 679 1296 habitumque
699 1259 842 1296 gerens
862 1252 904 1282 et
924 1249 1086 1296 virginis
1104 1260 1224 1294 arma,
1275 1252 1350 1285 315

174 1305 406 1356 Spartanae,
426 1306 488 1342 vel
508 1305 634 1355 qualis
654 1318 775 1354 equos
795 1304 977 1341 Threissa
994 1305 1139 1355 fatigat

175 1365 405 1415 Harpalyce
426 1364 707 1413 volucremque
727 1363 821 1412 fuga
841 1366 1108 1412 praevertitur
1130 1365 1321 1402 Hebrum.

172 1437 344 1474 namque
365 1425 511 1459 umeris
530 1422 580 1459 de
600 1435 708 1459 more
729 1422 901 1459 habilem
921 1422 1182 1472 suspenderat
1200 1438 1332 1461 arcum

174 1486 352 1519 venatrix
372 1482 618 1531 dederatque
638 1494 789 1517 comam
809 1480 1031 1518 diffundere
1051 1484 1192 1528 ventis,

172 1542 278 1578 nuda
297 1554 403 1591 genu
423 1541 606 1590 nodoque
626 1543 733 1576 sinus
753 1539 921 1576 collecta
938 1539 1108 1577 fluentis.
1274 1545 1350 1578 320

171 1614 216 1636 ac
231 1604 336 1650 prior
348 1603 373 1620 ‘⁶
385 1599 524 1645 heus,”
539 1601 681 1648 inquit,
699 1602 723 1619 “
736 1600 913 1643 iuvenes,
927 1603 1159 1644 monstrate,
1173 1612 1350 1636 mearum

170 1659 324 1695 vidistis
344 1661 375 1695 si
395 1671 511 1708 quam
532 1657 596 1693 hic
617 1662 817 1693 errant-em
837 1656 940 1693 forte
960 1670 1147 1703 sororum,

170 1721 413 1754 succinctam
433 1717 619 1766 pharetra
639 1721 681 1752 et
701 1715 921 1752 maculosae
942 1718 1121 1765 tegmine
1141 1716 1280 1766 lyncis,

169 1782 238 1812 aut
258 1778 477 1825 spumantis
497 1778 581 1824 apri
601 1787 757 1810 cursum
777 1774 948 1811 clamore
969 1775 1257 1823 prementem.”

223 1835 287 1871 Sic
308 1835 456 1880 Venus,
478 1838 520 1870 et
545 1834 710 1869 Veneris
731 1838 869 1869 contra
887 1835 943 1869 sic
962 1832 1063 1869 filius
1083 1846 1192 1869 orsus
1210 1847 1217 1869 :
1273 1838 1348 1872 325

213 1897 258 1916 ²²¹⁷
285 1899 431 1929 dimittit
447 1898 485 1928 P.
631 1894 679 1914 ²⁹⁸
703 1899 789 1926 terra
809 1897 864 1926 Pl.
1020 1895 1063 1914 ²⁹⁹
1086 1898 1168 1928 fatis
1185 1897 1240 1930 12¹.

215 1941 260 1959 ³⁴2³
283 1943 445 1972 faretram
474 1938 533 1975 R²‚
559 1940 674 1970 known
700 1944 730 1970 to
759 1939 925 1970 Priscian.
971 1940 1124 1978 tegmina
1145 1940 1194 1980 γι.
1240 1941 1348 1980 lyncis

166 1985 338 2015 sometimes
350 1983 445 2014 taken
459 1983 533 2013 with
551 1991 697 2021 cursum,
713 1982 888 2022 accordinq
902 1987 932 2012 ιο
948 1982 1114 2013 Pn'scicm.

167 2036 243 2076 262
