1430 2335
640 110 834 149 VIRGIL

146 191 283 236 portus
301 187 349 222 ab
370 186 500 223 Euroo
518 186 638 223 fluctu
658 192 839 222 curvatus
859 188 898 222 in
917 197 1074 230 arcum3

147 241 325 276 obiectae
345 241 444 276 salsa
463 245 650 289 spumant
668 243 876 289 aspargine
897 245 1044 285 cautes,

147 296 232 342 ipse
252 294 376 338 latet3
405 297 565 341 gemino
586 293 808 329 demittunt
827 293 1010 330 bracchia
1028 303 1140 328 muro
1249 294 1324 328 535

147 349 278 383 turriti
299 347 460 396 scopuli,
481 347 708 396 refugitque
728 347 777 383 ab
798 346 913 383 litore
933 345 1139 396 templum.

148 405 335 449 quattuor
355 400 432 447 hic,
452 403 625 450 primum
643 413 772 445 omen,
793 413 915 450 equos
937 402 976 435 in
991 401 1169 449 gramine
1191 397 1281 443 vidi,

147 455 353 491 tondentis
372 467 555 503 campum
575 453 667 498 late,
689 453 858 490 caudore
878 453 1009 490 nivali.

149 513 190 544 et
211 513 324 556 pater
345 507 563 544 Anchises:
593 507 779 552 ‘bellunn
799 521 821 543 o
842 512 946 543 terra
966 506 1133 554 hospita,
1167 510 1299 554 portas
1318 517 1326 548 ;

150 561 254 597 bello
274 566 477 597 armantur
497 563 601 609 equi,
621 561 769 596 bellum
790 561 887 597 haec
905 565 1085 596 armenta
1111 562 1323 595 minantur.

149 614 219 651 sed
240 620 374 651 tamen
396 615 502 650 idem
523 615 617 649 olim
637 627 751 650 curru
771 614 983 650 succedere
1003 616 1107 649 sueti
1252 617 1319 649 541

150 668 428 718 quadrupedes
448 673 489 704 et
509 667 620 704 frena
643 670 735 716 iugo
755 668 964 704 concordia
985 667 1087 703 ferre
1106 680 1113 703 ε

149 735 237 770 spes
258 727 299 757 et
318 722 448 771 pacis,'
469 724 534 758 ait.
592 720 693 757 Tum
713 724 875 757 numina
894 726 1030 757 sancta
1047 733 1253 769 precamur

152 774 320 811 Palladis
339 777 572 819 armisonae,
592 787 692 824 quae
712 778 837 823 prima
857 777 1010 823 accepit
1029 777 1194 818 ovantis,

151 833 193 865 et
211 831 341 877 capita
360 833 454 865 ante
474 842 559 865 aras
582 828 754 877 Phrygio
775 829 952 864 velamur
970 831 1129 871 amicti1‚
1252 830 1326 862 545

150 886 451 931 praeceptisque
474 883 634 926 Heleni,
655 882 822 918 dederat
842 895 941 931 quae
962 883 1143 925 maxima,
1163 882 1238 916 rite

151 936 293 972 Iunoni
315 937 485 985 Argivae
506 938 627 972 iussos
645 935 849 971 adolemus
869 935 1046 972 honores.

202 993 226 1009 “
243 989 364 1025 Haud
385 1002 503 1033 mora,
524 992 714 1025 continuo
733 989 920 1037 perfectis
940 989 1079 1024 ordine
1099 989 1201 1023 votis

150 1056 296 1079 cornua
319 1043 537 1079 velatarum
559 1044 804 1079 obvertimus
824 1048 1101 1078 antemnarum

151 1097 502 1145 Graiugenumque
523 1096 662 1133 domos
682 1102 944 1145 suspectaque
964 1095 1177 1144 linquimus
1197 1105 1297 1129 arva.

151 1149 243 1185 hine
263 1152 368 1186 sinus
395 1149 597 1194 Herculei,
616 1153 645 1185 si
666 1163 757 1185 vera
777 1155 838 1185 est
859 1149 972 1194 fama,
993 1147 1154 1184 Tarenti
1254 1151 1324 1183 551

151 1206 348 1246 cernitur3
377 1203 526 1240 attollit
546 1216 586 1239 se
606 1203 695 1239 diva
719 1203 876 1238 Lacinia
894 1207 1033 1239 contra

153 1257 414 1306 Caulonisque
434 1269 542 1292 arces
562 1261 603 1292 et
623 1256 868 1305 navifragum
889 1255 1130 1305 Scylaceum.

152 1315 237 1346 tum
258 1310 393 1359 procul
414 1323 435 1346 e
455 1310 576 1346 fluctu
598 1309 797 1345 Trinacria
815 1312 990 1346 cernitur
1010 1309 1156 1353 Aetna,

152 1369 194 1401 et
212 1367 406 1412 gemitum
426 1366 631 1412 ingentem
652 1363 783 1413 pelagi
803 1363 1036 1412 pulsataque
1057 1375 1147 1398 saxa
1256 1364 1329 1396 555

152 1417 332 1454 audimus
353 1418 471 1466 longe
492 1417 714 1466 fractasque
735 1416 785 1453 ad
806 1418 920 1453 litora
939 1429 1066 1461 voceS,

153 1470 433 1520 exsultantque
455 1470 550 1506 vada
570 1476 689 1520 atque
711 1475 822 1506 aestu
844 1473 1058 1507 miscentur
1079 1469 1260 1505 harenae.

152 1530 194 1561 et
213 1530 327 1573 pater
347 1524 564 1560 Anchises:
594 1526 803 1560 ‘nimirum
825 1523 922 1560 haec
943 1524 1010 1559 illa
1030 1522 1272 1572 Charybdis;

152 1578 223 1614 hos
246 1578 426 1615 Helenus
446 1577 639 1626 scopulos,
660 1577 756 1613 haec
776 1591 867 1613 saxa
886 1576 1081 1613 horrenda
1098 1576 1276 1612 canebat.

153 1634 308 1680 eripite,
329 1646 351 1667 o
371 1634 478 1676 socii,
497 1634 723 1680 pariterque
744 1633 939 1680 insurgite
960 1629 1100 1667 remis.'
1256 1626 1331 1663 560

152 1685 257 1721 haud
273 1688 402 1721 miuus
417 1698 461 1720 ac
477 1687 569 1721 iussi
585 1684 748 1728 faciunt,
766 1687 992 1734 primusque
1007 1683 1218 1719 rudentem
1254 1694 1331 1718 MPV

153 1742 345 1775 contorsit
364 1738 495 1775 laevas
515 1751 670 1787 proram
694 1738 898 1774 Palinurus
917 1737 967 1774 ad
987 1737 1134 1779 undas3

152 1791 303 1829 laevam
324 1797 466 1828 cuncta
484 1791 624 1828 cohors
642 1794 760 1828 remis
779 1794 987 1841 ventisque
1007 1792 1159 1839 petivit.

196 1897 241 1917 ⁵³⁵
265 1900 447 1930 dimittunt
463 1900 503 1930 P.
829 1898 875 1917 ⁵⁴⁵
898 1898 1008 1936 capite
1022 1895 1081 1930 P1.
1131 1907 1223 1927 aram
1240 1897 1279 1929 P.

195 1941 239 1961 ⁵⁵⁶
261 1943 304 1973 ab
321 1943 420 1973 litore
435 1941 488 1972 Μ2
503 1951 509 1972 ;
535 1943 577 1973 ab
594 1942 693 1973 litora
709 1955 743 1982 -γ,

211 1984 238 2004 ⁵⁸
261 1986 341 2016 haec
360 1983 438 2024 710:
463 1985 517 2016 hic
536 1983 648 2016 MPbl.
832 1983 877 2003 ⁵⁶³
902 1985 1016 2016 ventis
1029 1982 1196 2020 remisque
1213 1981 1278 2014 ⁴11¹.

155 2069 230 2100 5534
