1430 2335
684 71 877 109 VlRGIL

247 146 358 191 Quae
379 159 541 183 nemora
561 151 630 182 aut
649 149 715 195 qui
737 159 801 182 vos
822 146 943 183 saltus
962 146 1149 191 habuere,
1170 146 1326 196 puellae

194 199 357 245 Naides,
376 200 543 248 indigno
563 213 652 235 cum
672 200 810 235 Gallus
829 213 961 236 amore
982 201 1164 248 peribat?
1291 212 1369 235 MPR

192 266 283 288 nam
303 266 434 302 neque
458 254 615 288 Parnasi
635 253 743 289 vobis
763 255 868 301 iuga,
888 266 979 288 nam
998 266 1127 302 neque
1151 252 1264 288 Pindi
1323 257 1363 288 ll

192 306 271 341 ulla
290 319 439 341 moram
459 305 604 350 fecere,
624 319 754 355 neque
777 307 904 342 Aonie
925 307 1146 355 Aganippe.

192 359 305 394 illum
326 362 446 395 etiam
467 358 581 404 lauri,
602 362 720 395 6113111
742 358 883 395 flevere
904 362 1089 408 myricae,

191 412 337 459 pinifer
356 412 468 448 illum
488 415 608 448 etiam
629 412 710 448 sola
730 413 802 448 sub
822 425 918 460 rupe
939 415 1137 449 iacentem

194 465 413 510 Maenalus,
433 470 474 501 et
494 465 617 514 gelidi
637 465 831 502 fleverunt
850 478 941 501 saxa
962 465 1117 514 Lycaei.
1321 469 1365 501 15

189 523 298 555 stant
318 524 359 555 et
379 532 470 554 oves
490 522 635 554 circum
654 518 797 567 (nostri
817 531 890 554 nec
909 521 1090 567 paenitet
1110 518 1207 562 illas,

189 585 264 608 nec
282 577 325 608 16
346 575 553 621 paeniteat
572 575 736 619 pecoris,
756 572 889 607 divine
909 576 1049 620 poeta:

189 631 230 661 61
248 624 440 661 formosus
459 628 541 660 ovis
560 625 609 661 ad
629 624 788 661 flumina
807 627 915 673 pavit
938 623 1124 674 Adonis);

188 681 298 714 venit
319 684 360 714 61
382 678 514 727 upilio,
533 678 636 714 tardi
658 691 803 715 venere
822 678 987 722 subulci,

190 732 327 767 uvidus
347 731 514 768 hiberna
532 733 641 767 venit
661 731 711 768 de
731 731 877 781 glande
900 731 1111 767 Menalcas.
1315 735 1364 767 ΞΟ

187 798 324 821 01111163
340 789 365 805 ‘¹
377 785 481 821 unde
494 797 602 820 amor
615 788 689 821 iste
701 784 722 796 '’
737 790 880 833 rogant
893 789 916 805 “
929 785 1003 821 tibi
1016 785 1029 820 ?
1042 784 1062 795 '’
1077 786 1188 820 venit
1202 783 1363 832 Apollo:

188 842 212 859 ‘³
227 838 355 882 Galle,
377 838 471 887 quid
491 841 638 874 insanis
654 840 667 873 ἓ
682 838 702 849 ”
723 840 864 887 inquit.
888 842 911 859 ‘⁶
925 843 991 874 tua
1013 850 1104 873 cura
1126 836 1285 886 Lycoris

186 904 334 940 perque
355 894 466 928 nives
484 892 605 927 alium
621 904 769 940 perque
792 892 948 927 horrida
969 895 1094 926 castra
1110 896 1243 926 secuta
1260 890 1361 926 est.’‘

185 950 295 981 venit
317 950 358 981 61
376 947 525 993 agresti
544 947 683 993 capitis
704 945 885 981 Silvanus
904 944 1068 988 honore,

185 997 361 1034 florentis
382 998 525 1034 ferulas
546 1003 587 1034 et
606 998 770 1046 grandia
789 998 871 1033 lilia
891 1010 1086 1047 quassans.
1313 1001 1360 1033 25

188 1051 266 1087 Pan
289 1052 386 1088 deus
406 1051 598 1087 Arcadiae
619 1054 741 1095 venit,
762 1064 880 1100 quem
901 1051 1068 1087 vidimus
1088 1051 1163 1098 ipsi

185 1107 411 1154 sanguineis
432 1105 537 1140 ebuli
558 1105 662 1140 bacis
684 1107 881 1154 minioque
901 1105 1110 1140 rubentem
1127 1116 1136 1140 τ

184 1162 207 1178 “
219 1161 352 1207 ecquis
373 1161 449 1194 erit
462 1158 600 1194 modus
613 1159 627 1192 ?
641 1157 661 1169 ”
677 1160 817 1207 inquit.
849 1158 998 1194 “Amor
1009 1170 1089 1193 non
1104 1155 1199 1193 talia
1212 1161 1342 1192 curat:

183 1224 258 1248 nec
279 1213 448 1248 lacrimis
468 1211 637 1247 crudelis
657 1211 780 1247 Amor
799 1224 871 1247 nec
891 1214 1068 1260 gramina
1089 1212 1178 1246 rivis

183 1278 256 1302 nec
277 1268 402 1314 cytiso
422 1270 648 1301 saturantur
666 1278 760 1313 apes
780 1278 854 1301 nec
874 1265 1016 1300 fronde
1037 1261 1250 1312 capellae.’'
1310 1266 1358 1297 30

182 1321 305 1355 tristis
326 1323 365 1354 at
384 1318 452 1354 1116
473 1322 495 1338 “
509 1323 644 1354 13111611
665 1319 887 1362 cantabitis,
908 1317 1081 1353 Arcades
1095 1317 1114 1328 '’
1137 1319 1279 1365 inqmt,

182 1372 418 1408 “montibus
438 1371 536 1407 haec
555 1373 708 1415 vestris,
729 1371 799 1407 soli
819 1376 980 1407 eantare
999 1372 1117 1419 periti

183 1425 366 1461 Arcades.
397 1438 419 1461 o
439 1425 536 1460 mihi
556 1430 641 1460 tum
661 1437 777 1473 quam
798 1424 971 1461 molliter
989 1437 1072 1460 ossa
1093 1424 1310 1472 quiescant,

180 1484 308 1516 vestra
329 1491 435 1515 meos
454 1478 548 1514 olim
568 1480 599 1514 si
618 1477 748 1514 fistula
766 1478 874 1514 dicat
892 1490 1043 1513 amores

179 1537 298 1582 atque
319 1535 469 1567 utinam
492 1544 539 1567 ex
560 1531 666 1567 vobis
686 1544 786 1566 unus
807 1534 1007 1580 vestrique
1028 1529 1189 1566 fuissem
1307 1532 1354 1564 35

178 1590 245 1621 aut
266 1590 396 1621 0113103
416 1586 548 1633 gregis
569 1589 637 1620 aut
657 1589 836 1620 maturae
856 1586 1000 1620 vinitor
1020 1595 1128 1619 uvae.

178 1643 286 1674 certe
308 1640 388 1673 sive
409 1637 505 1673 mihi
528 1636 677 1686 Phyllis
697 1639 778 1673 sive
799 1641 905 1673 esset
925 1638 1120 1686 Amyntas

176 1704 244 1727 seu
265 1693 503 1740 quicumque
524 1689 631 1726 furor
650 1688 765 1740 (quid
785 1695 884 1735 tum,
906 1692 937 1725 si
958 1689 1090 1725 fuscus
1111 1688 1335 1738 Amyntas?

176 1749 217 1780 et
236 1746 372 1793 nigrae
393 1743 518 1779 violae
539 1747 631 1779 sunt
651 1747 693 1778 61
713 1744 886 1778 vaccinia
906 1740 1047 1792 nigra),

219 1833 247 1851 ¹⁰
272 1834 395 1873 periret
412 1832 486 1865 M1.
804 1830 832 1850 ¹²
859 1833 987 1863 Aoniae
1005 1833 1095 1863 MR:
1120 1832 1240 1862 Aoinie
1259 1832 1297 1864 P.

218 1875 245 1893 ¹⁹
270 1877 374 1914 opilio
392 1877 501 1906 Barna
520 1876 658 1908 scholi«.
804 1874 832 1893 2⁰
861 1875 995 1905 umidus
1010 1875 1049 1905 R.

216 1918 245 1936 ²³
269 1919 394 1956 castra]
417 1929 498 1949 saxa
517 1918 569 1950 ΡΙ.
801 1916 829 1935 ²⁸
856 1920 890 1948 61
906 1917 979 1954 quis
997 1917 1088 1948 P1R.

216 1960 244 1980 ²⁹
270 1961 349 2001 ripis
368 1960 430 1993 Ml.
801 1958 830 1978 ³²
856 1958 1050 1992 nostrisPl.

172 2019 220 2056 72
