1430 2335
649 69 841 107 VIRGIL

159 148 273 183 huius
293 146 456 182 odorato
476 145 627 182 radices
646 149 815 195 incoque
835 146 991 182 Baccho

158 200 380 250 pabulaque
400 202 438 235 in
461 198 609 235 foribus
629 200 757 248 plenis
776 213 932 249 appone
953 203 1142 238 canistris.
1256 204 1332 237 280

213 253 292 290 Sed
312 255 343 289 si
364 265 482 302 quem
501 252 630 301 proles
651 253 782 289 subito
802 253 997 289 defecerit
1017 257 1157 298 omnis,

160 320 233 343 nec
253 319 381 355 genus
400 306 507 342 unde
527 319 650 342 novae
671 309 803 354 stirpis
822 312 1029 343 revocetur
1048 306 1226 353 habebit,

161 366 319 409 tempus
339 364 381 396 et
400 359 559 395 Arcadii
577 360 834 396 memoranda
852 362 1016 396 inventa
1034 363 1212 410 magistri

162 414 351 462 pandere,
371 425 526 462 quoque
546 412 663 448 niodo
683 415 803 449 caesis
823 417 899 450 iam
919 426 1036 462 saepe
1056 416 1230 450 iuvencis

163 469 381 502 insincerus
402 479 494 515 apes
515 465 653 502 tulerit
673 479 795 503 cruor.
853 466 971 502 altius
991 479 1151 503 omnem
1259 471 1334 504 285

164 520 373 569 expediam
393 522 518 568 prima
539 525 724 568 repetens
744 520 793 555 ab
814 522 966 567 origine
986 519 1142 558 famam.

164 586 253 609 narn
274 586 350 622 qua
372 572 517 609 Pellaei
537 585 634 621 gens
652 572 854 609 fortunata
874 573 1021 621 Canopi

164 626 306 663 accolit
326 626 448 662 effuso
468 631 722 674 stagnantem
742 625 901 662 flumine
924 626 1057 662 Nilum

166 686 208 716 et
227 683 371 715 circum
393 682 508 728 pictis
529 679 687 715 vehitur
708 693 775 715 sua
796 692 884 715 rura
904 679 1088 727 phaselis,

166 746 321 782 quaque
342 733 594 781 pharetratae
616 735 756 768 vicinia
777 732 948 768 Persidis
968 738 1085 781 urget
1261 738 1339 776 290

167 792 209 823 et
228 787 380 822 diversa
400 799 517 822 ruens
537 790 691 834 septem
712 786 897 822 discurrit
916 788 956 821 in
976 799 1041 821 ora

168 845 209 876 et
228 840 391 876 viridem
414 840 644 888 Aegyptum
663 842 777 888 nigra
795 839 987 876 fecundat
1006 839 1164 883 harena,

169 906 291 942 usque
311 893 492 929 coloratis
512 895 638 929 amnis
658 893 830 929 devexus
849 893 898 928 ab
920 892 1041 936 Indis,

167 949 293 983 omnis
312 949 353 981 in
372 946 445 982 hac
467 951 614 982 certain
636 949 743 994 regio
761 948 854 981 iacit
873 951 958 983 arte
978 946 1156 983 salutem.

222 1000 396 1048 Exiguus
416 1001 586 1048 primum
606 1004 726 1048 atque
742 1002 845 1047 ipsos
860 1004 1086 1036 contractus
1102 1002 1140 1035 in
1158 1012 1248 1036 usus
1265 1003 1340 1042 295

169 1053 329 1101 eligitur
347 1053 454 1089 locus
471 1066 478 1088 ε
509 1052 613 1088 hunc
632 1055 872 1101 angustique
892 1053 1055 1089 imbrice
1076 1056 1174 1089 tecti

168 1107 463 1155 parietibusque
486 1111 672 1154 premunt
691 1109 798 1149 artis,
819 1111 860 1142 et
881 1111 1069 1155 quattuor
1087 1107 1253 1153 addunt,

168 1164 356 1208 quattuor
376 1173 398 1195 a
417 1161 548 1195 ventis
567 1159 726 1208 obliqua
745 1160 832 1195 luce
853 1159 1062 1196 fenestras.

170 1219 254 1249 tum
274 1213 421 1249 vitulus
440 1213 546 1248 bima
565 1226 728 1249 curvans
749 1215 826 1248 iam
845 1226 990 1249 cornua
1009 1213 1141 1249 fronte

170 1269 393 1315 quaeritur:
423 1266 514 1302 huic
534 1269 716 1314 geminae
736 1278 850 1302 nares
871 1272 912 1302 et
932 1269 1091 1315 spiritus
1110 1269 1186 1303 oris
1269 1271 1344 1303 300

169 1320 295 1355 multa
314 1319 530 1356 reluctanti
549 1320 779 1363 obstruitur,
801 1319 1005 1368 plagisque
1027 1325 1234 1369 perempto

170 1379 286 1409 tunsa
306 1386 376 1421 per
395 1375 593 1422 integram
613 1372 819 1409 solvuntur
837 1375 984 1409 viscera
1003 1373 1161 1422 pellem.

169 1429 223 1462 sic
242 1430 415 1475 positum
434 1429 475 1462 in
496 1426 625 1462 clauso
645 1426 843 1475 linquunt,
864 1431 905 1462 et
927 1440 1057 1463 ramea
1078 1429 1196 1463 costis

170 1480 371 1516 subiciunt
391 1478 627 1528 fragmenta,
647 1479 831 1528 thymum
854 1482 1055 1529 casiasque
1074 1482 1258 1517 recentis.

171 1534 244 1568 hoc
257 1536 409 1582 geritur
422 1532 612 1582 Zephyris
624 1535 793 1581 primum
806 1533 1107 1581 impellentibus
1121 1533 1259 1579 undas,
1272 1536 1345 1569 305

214 1623 257 1642 aczo
282 1633 412 1661 expone
428 1623 466 1654 R.
819 1622 861 1640 ²⁹²
885 1623 1026 1654 habebis
1041 1624 1080 1655 P.

215 1665 324 1684 ²⁹⁰*293
364 1667 415 1697 the
449 1666 547 1697 order
581 1667 621 1706 of
650 1666 731 1705 317:
768 1667 798 1696 P
827 1666 915 1706 yives
947 1667 1018 1704 290,
1050 1668 1121 1705 292,
1153 1668 1225 1703 292,
1261 1668 1346 1699 293:

172 1710 202 1739 R
226 1711 297 1747 290,
319 1712 389 1745 2121,
407 1710 478 1747 293,
500 1711 571 1739 292.

215 1751 259 1770 ²⁹⁵
282 1753 317 1783 in
335 1751 442 1783 MlP:
457 1753 499 1783 ad
516 1750 613 1782 M2R.
819 1751 858 1769 ⁸0¹
887 1753 1041 1789 opsuitur
1058 1752 1104 1784 M.

217 1862 228 1880 ²
255 1863 422 1902 Probably
440 1864 497 1893 the
513 1863 646 1893 amellus
662 1863 690 1893 is
714 1864 771 1893 the
786 1864 878 1893 Aster-
892 1864 1020 1901 atticus,
1035 1873 1072 1895 or
1088 1864 1204 1902 purple
1222 1864 1348 1896 Italian

174 1909 341 1937 starwort.

217 1947 229 1965 ²
254 1949 427 1979 Aristaeus
446 1948 498 1987 (cf.
523 1955 547 1978 Ι.
566 1950 627 1986 14).

175 2008 250 2046 216
