1430 2335
682 95 736 132 VI
744 95 875 132 RGIL

191 169 257 206 ille
277 172 380 218 regit
400 170 517 206 dictis
536 173 687 207 animos
706 175 748 207 et
767 176 929 220 pectora
948 171 1096 208 mulcet
1112 185 1120 209 z

190 233 243 266 sic
265 235 429 267 cunctus
449 231 580 281 pelagi
602 232 748 269 cecidit
767 232 910 283 fragor,
930 246 1099 283 aequora
1119 239 1327 283 postquam

191 292 432 338 prospiciens
448 293 607 339 genitor
625 291 815 340 caeloque
835 294 1014 328 invectus
1033 297 1172 340 aperto
1293 296 1364 328 155

189 347 315 384 flectit
335 361 455 398 equos
476 362 669 399 curruque
689 350 822 386 volans
843 349 913 386 dat
929 351 1011 387 lora
1031 351 1216 388 secundo.

244 406 401 444 Defessi
422 408 651 452 Aeneadae,
671 421 771 458 quae
791 412 968 458 proxima
984 410 1113 455 litora,
1133 423 1245 447 cursu

191 469 441 506 contendunt
459 474 612 520 petere,
633 475 675 506 et
696 470 846 520 Libyae
866 476 1075 508 vertuntur
1093 471 1142 507 ad
1163 484 1259 509 oras.

190 535 250 566 est
270 533 309 566 in
325 543 480 567 secessu
501 531 621 580 longo
640 532 771 568 locus:
801 532 929 568 insula
948 538 1106 582 portum

190 594 307 631 efficit
327 595 483 632 obiectu
504 595 686 639 laterum,
703 596 842 645 quibus
862 598 988 632 omnis
1006 597 1055 632 ab
1074 596 1155 633 alto
1293 594 1365 632 160

190 655 385 703 frangitur
404 659 522 706 inque
542 658 648 692 sinus
668 656 814 692 scindit
833 670 917 693 sese
938 658 1044 693 unda
1063 658 1257 694 reductos.

190 716 282 753 hinc
302 722 423 766 atque
443 717 536 754 hinc
556 723 689 754 vastae
710 731 827 767 rupes
846 722 1075 768 geminique
1096 722 1295 755 minantur

189 781 229 814 in
251 779 402 815 caelum
423 779 586 828 scopuli,
607 792 771 828 quorum
792 780 863 816 sub
881 783 1029 817 vertice
1050 780 1130 817 late

188 853 358 890 aequora
377 845 464 877 tuta
485 841 626 884 silent3
655 846 740 877 tum
760 841 864 877 silvis
883 854 1023 878 scaena
1042 845 1210 878 coruscis

189 902 372 951 desuper,
392 902 648 951 horrentique
668 907 797 938 atrum
816 915 956 939 nemus
975 905 1158 939 imminet
1178 904 1339 945 umb1·a;

190 963 319 999 fronte
339 964 411 999 sub
429 963 592 999 adversa
612 964 780 1012 scopulis
801 964 1070 1013 pendentibus
1090 970 1261 1010 antrum,
1294 963 1366 1000 166

189 1028 295 1060 intus
315 1037 438 1074 aquae
458 1024 593 1061 dulces
609 1027 774 1074 vivoque
796 1025 936 1062 sedilia
955 1039 1060 1071 saxo,

190 1086 464 1134 Nympharum
484 1086 633 1122 domus.
665 1085 727 1121 hic
748 1086 868 1123 fessas
888 1100 967 1122 non
988 1088 1143 1123 vincula
1163 1090 1270 1123 navis

189 1147 269 1183 ulla
289 1153 443 1193 tenent,
463 1160 564 1184 unco
583 1161 663 1183 non
683 1147 821 1197 alligat
840 1161 981 1185 ancora
1000 1162 1140 1185 morsu.

189 1209 267 1245 huc
288 1215 444 1259 septem
468 1211 622 1246 Aeneas
643 1209 822 1246 collectis
842 1210 1008 1247 navibus
1027 1213 1134 1246 omni
1295 1213 1367 1250 170

190 1284 237 1307 ex
258 1284 422 1307 numero
442 1271 558 1314 subit,
580 1283 624 1306 ac
645 1283 789 1319 magno
809 1271 961 1307 telluris
981 1284 1112 1308 amore

190 1335 335 1382 egressi
355 1337 492 1381 optata
511 1334 717 1380 potiuntur
733 1327 858 1368 Troes
877 1332 1025 1369 harena

190 1399 231 1430 et
251 1395 330 1430 sale
352 1394 524 1430 tabentis
545 1399 652 1430 artus
671 1396 709 1429 in
732 1393 847 1429 litore
866 1399 1032 1442 ponunt.

190 1469 235 1491 ac
254 1457 422 1504 primum
444 1454 542 1491 silici
562 1455 774 1491 scintillam
794 1455 955 1491 excudit
975 1456 1150 1493 Achates

190 1520 447 1566 succepitque
466 1519 600 1565 ignem
622 1516 724 1552 foliis
743 1521 862 1565 atque
882 1517 990 1553 arida
1010 1521 1156 1554 circum
1295 1521 1365 1558 175

190 1581 435 1615 nutrimenta
455 1578 568 1614 dedit
588 1580 798 1627 rapuitque
819 1581 858 1613 in
878 1578 1017 1615 fomite
1038 1579 1242 1616 flamniam.

189 1645 274 1675 tum
297 1639 483 1675 Cererem
503 1643 727 1688 con-uptam
749 1638 863 1675 undis
884 1639 1139 1689 Cerealiaque
1158 1654 1265 1677 aima

191 1701 412 1749 expediunt
432 1700 524 1736 fessi
544 1713 686 1743 rerum,
708 1699 922 1750 frugesque
943 1707 1122 1751 receptas

190 1767 232 1798 et
253 1768 402 1798 torrere
423 1767 563 1810 parant
583 1761 746 1798 flammis
767 1766 808 1798 et
827 1761 1008 1810 frangere
1029 1776 1130 1799 saxo.

234 1839 246 1858 ¹
272 1840 341 1870 The
359 1843 445 1870 term
463 1839 633 1871 Aeneadae
649 1840 677 1870 is
695 1840 772 1870 here
789 1839 879 1876 used,
897 1841 933 1871 in
955 1850 997 1871 an
1020 1841 1190 1872 extended
1212 1851 1319 1878 sense,
1333 1842 1369 1874 of

190 1884 249 1913 thsa
264 1882 434 1913 followers
449 1883 485 1912 of
500 1884 640 1913 Aeneas.

238 1924 250 1943 ²
275 1925 316 1964 cf.
340 1925 496 1964 Georgyics,
515 1932 565 1956 IV.
587 1926 660 1962 420,
679 1924 763 1954 with
780 1928 870 1957 note.

235 1968 247 1986 ²³
272 1967 380 2006 Yirgil
398 1969 475 1998 here
492 1967 661 1999 describes
675 1968 732 1998 the
748 1969 924 2005 primitive
940 1978 1074 2008 process
1090 1970 1126 2000 of
1141 1969 1282 2009 making
1297 1970 1366 2001 fire.

192 2011 283 2041 Fir-st
309 2021 326 2041 a
355 2010 454 2050 spark
481 2011 508 2041 is
533 2011 651 2042 struck
677 2010 766 2041 from
796 2010 884 2043 flint.
937 2011 1113 2052 Seconcssy,
1131 2014 1188 2043 the
1213 2012 1326 2044 tindcr
1339 2013 1367 2044 is

192 2068 266 2100 ‘25⁴2
