1430 2335
666 117 860 155 VIRGIL

169 197 244 229 nec
264 193 394 229 dubiis
415 206 460 229 ea
480 195 593 242 sigua
612 193 726 230 dedit
745 193 922 230 Tritonia
940 196 1136 231 monstris.
1279 193 1347 231 171

170 265 232 298 vix
253 266 426 311 positum
449 265 584 300 castris
606 263 870 310 simulacrum,
895 276 1023 301 arsere
1044 276 1227 300 coruscae

168 333 383 370 luminibus
402 332 583 370 flammae
604 336 767 370 arrectis
789 334 989 384 salsusque
1009 347 1081 383 per
1100 339 1208 371 artus

169 403 288 440 sudor
307 406 366 449 iit,
389 408 531 453 terque
551 406 635 453 ipsa
655 405 737 441 solo
757 403 954 455 (mirabile
976 403 1105 455 dictu)

169 475 332 510 emicuit
351 486 608 523 parmamque
628 473 761 511 ferens
780 473 1016 523 hastamque
1036 478 1293 511 trementem.

168 543 372 594 extemplo
383 544 620 593 temptanda
635 544 730 593 fuga
743 547 851 581 canit
863 557 1034 593 aequora
1048 543 1226 590 Calchas,
1278 542 1351 582 176

168 626 242 650 nec
263 626 378 663 posse
398 613 594 663 Argolicis
615 614 792 659 exscindi
816 614 1007 663 Pergama
1027 614 1132 660 telis,

168 686 301 720 omina
320 686 360 719 ni
380 688 568 733 repetant
590 684 707 733 Argis
727 697 955 734 numenque
976 684 1183 730 reducant,

168 753 273 803 quod
295 754 438 803 pelago
459 759 499 790 et
522 756 648 791 curvis
669 767 802 791 secum
823 767 991 791 avexere
1012 756 1163 791 carinis.

168 828 209 860 et
230 837 335 860 nunc
356 824 460 873 quod
484 827 629 873 patrias
649 829 769 860 vento
790 827 943 874 petiere
967 824 1170 873 Mycenas,
1280 828 1349 860 180

166 907 274 930 arma
293 894 469 944 deosque
490 900 632 944 parant
653 897 831 940 comites,
852 894 1076 944 pelagoque
1096 907 1279 932 remenso

167 966 368 1013 improvisi
388 963 572 1001 aderunt.
630 966 685 1000 ita
705 963 852 1013 digerit
872 966 1004 1000 omina
1025 963 1199 1001 Calchas.

168 1033 269 1070 hanc
290 1047 361 1084 pro
383 1033 559 1071 Palladio
578 1036 734 1079 moniti,
754 1047 825 1083 pro
845 1037 1008 1070 numine
1028 1034 1136 1071 laeso

167 1104 338 1153 effigiem
359 1109 550 1150 statuere,
570 1103 682 1140 nefas
701 1117 801 1154 quae
821 1107 936 1141 triste
958 1106 1096 1154 piaret.
1275 1118 1350 1142 FMP

165 1173 266 1209 hanc
286 1179 423 1210 tamen
443 1176 677 1210 immensam
698 1173 861 1210 Calchas
881 1174 1068 1211 attollere
1088 1173 1234 1211 molem
1278 1179 1348 1211 185

164 1244 368 1280 roboribus
389 1246 510 1280 textis
531 1244 720 1293 caeloque
741 1244 913 1281 educere
934 1247 1060 1290 iussit,

164 1326 215 1351 ne
236 1316 358 1363 recipi
379 1316 501 1362 portis
521 1319 589 1350 aut
610 1314 700 1350 duci
721 1316 761 1350 in
782 1316 940 1350 moenia
960 1318 1107 1364 posset,

164 1397 242 1420 neu
265 1383 456 1433 populum
476 1386 639 1433 antiqua
659 1384 730 1420 sub
752 1384 945 1433 religione
966 1387 1079 1421 tueri.

165 1468 256 1491 nam
277 1457 307 1491 si
329 1460 458 1492 vestra
478 1468 616 1492 manus
637 1455 821 1492 violasset
842 1455 946 1491 dona
969 1455 1189 1501 Minervae,
1278 1461 1349 1498 189

165 1532 251 1563 tum
270 1539 460 1575 magnum
481 1528 648 1562 exitium
669 1525 794 1576 (quod
817 1526 856 1562 di
878 1528 985 1575 prius
1005 1539 1123 1562 omen
1144 1528 1184 1562 in
1204 1529 1332 1575 ipsum

163 1601 400 1633 convertant
415 1595 442 1647 l)
464 1595 607 1632 Priami
627 1598 793 1644 imperio
815 1595 1116 1646 Phrygibusque
1137 1595 1339 1641 futurum;

163 1670 223 1703 sin
245 1667 426 1703 manibus
446 1668 586 1703 vestris
605 1671 776 1703 vestram
797 1666 1041 1703 ascendisset
1060 1668 1100 1702 in
1120 1666 1270 1712 urbem,

166 1736 270 1773 ultro
291 1736 426 1772 Asiam
445 1749 590 1785 magno
612 1735 784 1785 Pelopea
803 1735 853 1772 ad
873 1738 1030 1773 moenia
1049 1735 1156 1773 bello

166 1810 392 1851 venturam,
414 1810 457 1842 et
476 1810 631 1842 nostros
651 1818 697 1842 ea
715 1805 798 1842 fata
817 1818 979 1843 manere
999 1805 1192 1855 nepotes.'

218 1879 242 1896 “
256 1875 418 1912 Talibus
439 1875 591 1912 insidiis
611 1877 841 1926 periurique
861 1880 946 1912 arte
967 1875 1124 1912 Sinonis
1277 1880 1347 1918 195

167 1945 318 1984 credita
337 1958 412 1991 res,
432 1948 618 1995 captique
638 1945 739 1983 dolis
759 1945 1009 1996 lacrimisque
1031 1948 1189 1991 coactis,

294 2014 337 2034 ²⁸⁷
362 2014 470 2055 possit
486 2014 562 2046 PM.
882 2014 928 2034 ²⁹⁶
951 2015 1061 2047 coacti
1079 2015 1219 2047 Nonius.

170 2068 246 2110 306
