1430 2335
636 79 829 117 VIRGIL

142 157 288 194 talibus
308 157 482 194 Ilioneus
500 169 509 202 ;
539 159 672 194 cuncti
692 156 808 194 simul
828 169 895 194 ore
915 156 1140 194 fremebant

144 221 411 259 Dardanidae.
1245 219 1321 257 560

197 285 298 322 Tum
317 286 493 323 breviter
512 285 618 323 Dido
639 285 788 322 voltum
807 285 977 323 demissa
996 285 1172 335 profatur
1188 298 1196 323 ε

145 354 170 371 “
185 349 325 387 solvite
347 350 463 387 corde
483 356 648 395 metum,
669 350 823 397 Teucri,
843 350 1035 387 secludite
1056 362 1177 386 curas.

145 427 207 451 res
227 413 324 450 dura
345 419 387 451 et
406 418 517 464 regni
540 418 693 451 novitas
714 427 777 451 me
798 415 891 451 talia
911 419 1058 464 cogunt

145 478 273 514 moliri
294 484 335 515 et
356 479 436 516 late
457 480 543 516 finis
563 479 727 516 custode
746 483 860 516 tueri.

145 546 232 593 quis
248 556 375 592 genus
391 544 638 589 Aeneadum,
650 547 736 593 quis
750 544 890 581 Troiae
907 547 1057 581 nesciat
1075 545 1211 580 urbem
1247 541 1321 580 565

144 610 391 658 virtutesque
412 611 594 659 virosque
614 612 684 645 aut
702 611 805 645 tanti
826 608 1010 645 incendia
1030 608 1124 645 belli
1141 610 1155 644 Ρ

145 685 223 709 non
244 673 384 709 obtusa
403 673 503 710 adeo
523 678 724 723 gestamus
744 679 906 723 pectora
928 674 1063 718 Poeni,

144 750 218 774 nec
239 742 319 774 tarn
341 751 500 775 aversus
521 751 642 788 equos
662 737 779 788 Tyria
800 738 868 775 Sol
889 741 1019 787 iungit
1039 738 1088 774 ab
1108 738 1215 774 urbe.

145 814 213 838 seu
235 815 301 838 vos
325 802 561 852 Hesperiam
582 816 766 852 magnam
787 802 1048 853 Saturniaque
1068 816 1159 839 arva

145 868 226 903 sive
248 866 383 915 Erycis
405 867 491 903 finis
511 880 728 917 regemque
748 870 894 916 optatis
916 868 1104 913 Acesten,
1249 868 1324 904 570

145 931 291 966 auxilio
311 936 420 968 tutos
440 931 640 969 dimittam
660 932 880 982 opibusque
901 933 1049 969 iuvabo.

144 995 260 1032 voltis
281 1000 322 1033 et
343 995 402 1032 his
422 1008 579 1032 mecum
600 999 748 1045 pariter
767 996 973 1033 considere
993 998 1156 1046 regnis?

144 1060 285 1096 urbem
306 1073 423 1110 quam
444 1065 576 1097 statuo
596 1065 726 1097 vestra
747 1065 808 1097 est
825 1074 833 1104 ;
863 1060 1071 1098 subducite
1091 1063 1224 1104 navis3

144 1123 240 1160 Tros
261 1124 480 1174 Tyriusque
501 1124 597 1161 mihi
618 1124 728 1161 nullo
748 1125 972 1162 discrimine
991 1130 1143 1174 agetur.

144 1193 264 1238 atque
285 1192 437 1225 utinam
458 1202 526 1225 rex
547 1191 630 1238 ipse
654 1190 758 1226 Noto
778 1189 1002 1238 compulsus
1022 1190 1165 1227 eodem
1250 1191 1323 1227 575

144 1252 301 1290 adforet
322 1256 479 1290 Aeneas
498 1254 504 1289 !
563 1253 748 1303 equidem
770 1266 840 1303 per
860 1254 975 1290 litora
995 1259 1125 1291 certos

144 1317 346 1354 dimittam
367 1322 409 1354 et
431 1317 580 1367 Libyae
599 1317 768 1354 lustrare
790 1323 966 1354 extrema
988 1319 1145 1365 iubebo,

144 1385 175 1418 si
195 1383 336 1431 quibus
358 1385 509 1418 eiectus
529 1381 634 1419 silvis
655 1388 724 1419 aut
745 1383 905 1419 urbibus
926 1383 1068 1421 errat.''

198 1446 274 1483 His
294 1450 471 1483 animum
491 1450 635 1484 arrecti
656 1447 773 1484 dictis
795 1452 837 1483 et
858 1446 970 1483 fortis
992 1447 1167 1485 Achates

144 1516 185 1548 et
206 1516 321 1560 pater
343 1511 500 1547 Aeneas
520 1510 750 1547 iamdudum
772 1524 979 1560 erumpere
1000 1512 1149 1549 nubem
1249 1517 1325 1549 580

143 1575 351 1612 ardebant.
409 1578 515 1625 prior
535 1576 701 1612 Aenean
722 1575 935 1625 compellat
956 1575 1129 1613 Achates
1148 1590 1155 1613 ε

144 1644 168 1661 “
183 1646 278 1677 nate
298 1640 386 1686 dea,
407 1653 509 1690 quae
529 1653 635 1676 nunc
655 1643 786 1676 animo
807 1643 1007 1677 sententia
1026 1642 1184 1690 surgit?

143 1707 275 1740 omnia
295 1709 381 1741 tuta
402 1704 525 1750 vides,
546 1704 711 1741 classem
731 1706 934 1754 sociosque
954 1710 1146 1754 receptos.

143 1781 245 1804 unus
265 1769 390 1814 abest,
411 1768 543 1805 medio
562 1771 603 1804 in
622 1768 744 1805 fluctu
764 1782 883 1819 quem
902 1769 1069 1806 vidimus
1089 1772 1162 1818 ipsi

142 1832 389 1870 submersum
407 1845 415 1876 ;
445 1832 561 1869 dictis
582 1832 828 1882 respondent
848 1838 980 1870 cetera
1001 1833 1174 1871 matris.’'
1249 1838 1323 1871 585

549 1933 591 1952 ⁵⁷²¹
616 1935 740 1974 pariter
755 1943 886 1966 mecum
905 1935 948 1967 P.

143 2014 219 2048 280
