<?xml version="1.0" encoding="UTF-8"?>
<!DOCTYPE html PUBLIC "-//W3C//DTD XHTML 1.0 Transitional//EN"
    "http://www.w3.org/TR/xhtml1/DTD/xhtml1-transitional.dtd">
<html xmlns="http://www.w3.org/1999/xhtml" xml:lang="en" lang="en">
 <head>
  <title>
</title>
<meta http-equiv="Content-Type" content="text/html;charset=utf-8" />
  <meta name='ocr-system' content='tesseract 3.04.00' />
  <meta name='ocr-capabilities' content='ocr_page ocr_carea ocr_par ocr_line ocrx_word'/>
</head>
<body>
  <div class='ocr_page' id='page_1' title='image "./virgilwithenglis01virg_0128.png"; bbox 0 0 1430 2335; ppageno 0'>
   <div class='ocr_carea' id='block_1_1' title="bbox 684 100 875 137">
    <p class='ocr_par' dir='ltr' id='par_1_1' title="bbox 684 100 875 137">
     <span class='ocr_line' id='line_1_1' title="bbox 684 100 875 137; baseline 0.005 -1"><span class='ocrx_word' id='word_1_1' title='bbox 684 100 875 137; x_wconf 87' lang='lat' dir='ltr'>VIRGIL</span> 
     </span>
    </p>
   </div>
   <div class='ocr_carea' id='block_1_2' title="bbox 190 179 1365 1773">
    <p class='ocr_par' dir='ltr' id='par_1_2' title="bbox 193 179 1205 227">
     <span class='ocr_line' id='line_1_2' title="bbox 193 179 1205 227; baseline 0 -12"><span class='ocrx_word' id='word_1_2' title='bbox 193 191 263 215; x_wconf 88' lang='lat' dir='ltr'>ceu</span> <span class='ocrx_word' id='word_1_3' title='bbox 286 190 441 227; x_wconf 82' lang='lat' dir='ltr'>pressae</span> <span class='ocrx_word' id='word_1_4' title='bbox 461 190 550 214; x_wconf 90' lang='lat' dir='ltr'>cum</span> <span class='ocrx_word' id='word_1_5' title='bbox 571 179 647 213; x_wconf 87' lang='lat' dir='ltr'>iam</span> <span class='ocrx_word' id='word_1_6' title='bbox 667 182 823 226; x_wconf 89' lang='lat' dir='ltr'>portum</span> <span class='ocrx_word' id='word_1_7' title='bbox 843 180 1015 227; x_wconf 85' lang='lat' dir='ltr'>tetigere</span> <span class='ocrx_word' id='word_1_8' title='bbox 1039 181 1205 224; x_wconf 86' lang='lat' dir='ltr'>carinae,</span> 
     </span>
    </p>

    <p class='ocr_par' dir='ltr' id='par_1_3' title="bbox 192 231 1155 280">
     <span class='ocr_line' id='line_1_3' title="bbox 192 231 1155 280; baseline 0 -12"><span class='ocrx_word' id='word_1_9' title='bbox 192 233 388 280; x_wconf 84' lang='lat' dir='ltr'>puppibus</span> <span class='ocrx_word' id='word_1_10' title='bbox 407 236 448 267; x_wconf 88' lang='lat' dir='ltr'>et</span> <span class='ocrx_word' id='word_1_11' title='bbox 467 231 563 267; x_wconf 89' lang='lat' dir='ltr'>laeti</span> <span class='ocrx_word' id='word_1_12' title='bbox 582 236 726 267; x_wconf 87' lang='lat' dir='ltr'>nautae</span> <span class='ocrx_word' id='word_1_13' title='bbox 745 233 966 280; x_wconf 84' lang='lat' dir='ltr'>imposuere</span> <span class='ocrx_word' id='word_1_14' title='bbox 986 245 1155 268; x_wconf 88' lang='lat' dir='ltr'>coronas.</span> 
     </span>
    </p>

    <p class='ocr_par' dir='ltr' id='par_1_4' title="bbox 192 284 1348 335">
     <span class='ocr_line' id='line_1_4' title="bbox 192 284 1348 335; baseline 0.001 -13"><span class='ocrx_word' id='word_1_15' title='bbox 192 285 262 322; x_wconf 89' lang='lat' dir='ltr'>sed</span> <span class='ocrx_word' id='word_1_16' title='bbox 281 290 417 321; x_wconf 89' lang='lat' dir='ltr'>tamen</span> <span class='ocrx_word' id='word_1_17' title='bbox 437 289 478 320; x_wconf 92' lang='lat' dir='ltr'>et</span> <span class='ocrx_word' id='word_1_18' title='bbox 498 297 666 333; x_wconf 85' lang='lat' dir='ltr'>quernas</span> <span class='ocrx_word' id='word_1_19' title='bbox 685 284 850 332; x_wconf 83' lang='lat' dir='ltr'>glandes</span> <span class='ocrx_word' id='word_1_20' title='bbox 869 290 955 320; x_wconf 83' lang='lat' dir='ltr'>tum</span> <span class='ocrx_word' id='word_1_21' title='bbox 974 288 1170 334; x_wconf 86' lang='lat' dir='ltr'>stringere</span> <span class='ocrx_word' id='word_1_22' title='bbox 1189 290 1348 335; x_wconf 87' lang='lat' dir='ltr'>tempus</span> 
     </span>
    </p>

    <p class='ocr_par' dir='ltr' id='par_1_5' title="bbox 193 337 1361 387">
     <span class='ocr_line' id='line_1_5' title="bbox 193 337 1361 387; baseline 0.003 -13"><span class='ocrx_word' id='word_1_23' title='bbox 193 344 234 374; x_wconf 86' lang='lat' dir='ltr'>et</span> <span class='ocrx_word' id='word_1_24' title='bbox 253 338 351 374; x_wconf 86' lang='lat' dir='ltr'>lauri</span> <span class='ocrx_word' id='word_1_25' title='bbox 371 338 486 373; x_wconf 86' lang='lat' dir='ltr'>bacas</span> <span class='ocrx_word' id='word_1_26' title='bbox 506 337 712 386; x_wconf 82' lang='lat' dir='ltr'>oleamque</span> <span class='ocrx_word' id='word_1_27' title='bbox 732 342 974 387; x_wconf 86' lang='lat' dir='ltr'>cruentaque</span> <span class='ocrx_word' id='word_1_28' title='bbox 993 343 1135 387; x_wconf 86' lang='lat' dir='ltr'>myrta,</span> <span class='ocrx_word' id='word_1_29' title='bbox 1287 341 1361 377; x_wconf 87' lang='lat'>306</span> 
     </span>
    </p>

    <p class='ocr_par' dir='ltr' id='par_1_6' title="bbox 192 390 1130 440">
     <span class='ocr_line' id='line_1_6' title="bbox 192 390 1130 440; baseline 0.001 -13"><span class='ocrx_word' id='word_1_30' title='bbox 192 397 278 428; x_wconf 88' lang='lat' dir='ltr'>tum</span> <span class='ocrx_word' id='word_1_31' title='bbox 297 390 459 440; x_wconf 83' lang='lat' dir='ltr'>gruibus</span> <span class='ocrx_word' id='word_1_32' title='bbox 479 390 637 439; x_wconf 84' lang='lat' dir='ltr'>pedicas</span> <span class='ocrx_word' id='word_1_33' title='bbox 658 396 699 427; x_wconf 89' lang='lat' dir='ltr'>et</span> <span class='ocrx_word' id='word_1_34' title='bbox 719 393 818 426; x_wconf 87' lang='lat' dir='ltr'>retia</span> <span class='ocrx_word' id='word_1_35' title='bbox 838 404 986 439; x_wconf 87' lang='lat' dir='ltr'>ponere</span> <span class='ocrx_word' id='word_1_36' title='bbox 1007 394 1130 428; x_wconf 86' lang='lat' dir='ltr'>cervis</span> 
     </span>
    </p>

    <p class='ocr_par' dir='ltr' id='par_1_7' title="bbox 191 444 1173 494">
     <span class='ocr_line' id='line_1_7' title="bbox 191 444 1173 494; baseline -0.001 -13"><span class='ocrx_word' id='word_1_37' title='bbox 191 447 416 494; x_wconf 79' lang='lat' dir='ltr'>auritosque</span> <span class='ocrx_word' id='word_1_38' title='bbox 436 447 547 493; x_wconf 91' lang='lat' dir='ltr'>sequi</span> <span class='ocrx_word' id='word_1_39' title='bbox 566 444 733 492; x_wconf 84' lang='lat' dir='ltr'>lepores,</span> <span class='ocrx_word' id='word_1_40' title='bbox 752 449 838 480; x_wconf 92' lang='lat' dir='ltr'>tum</span> <span class='ocrx_word' id='word_1_41' title='bbox 858 444 978 492; x_wconf 87' lang='lat' dir='ltr'>figere</span> <span class='ocrx_word' id='word_1_42' title='bbox 998 444 1173 481; x_wconf 88' lang='lat' dir='ltr'>dammas</span> 
     </span>
    </p>

    <p class='ocr_par' dir='ltr' id='par_1_8' title="bbox 192 497 1188 547">
     <span class='ocr_line' id='line_1_8' title="bbox 192 497 1188 547; baseline 0 -13"><span class='ocrx_word' id='word_1_43' title='bbox 192 504 360 547; x_wconf 84' lang='lat' dir='ltr'>stuppea</span> <span class='ocrx_word' id='word_1_44' title='bbox 379 502 633 546; x_wconf 81' lang='lat' dir='ltr'>torquentem</span> <span class='ocrx_word' id='word_1_45' title='bbox 655 497 826 533; x_wconf 78' lang='lat' dir='ltr'>Balearis</span> <span class='ocrx_word' id='word_1_46' title='bbox 846 498 1009 534; x_wconf 88' lang='lat' dir='ltr'>verbera</span> <span class='ocrx_word' id='word_1_47' title='bbox 1027 497 1188 543; x_wconf 87' lang='lat' dir='ltr'>fundae,</span> 
     </span>
    </p>

    <p class='ocr_par' dir='ltr' id='par_1_9' title="bbox 192 550 1365 653">
     <span class='ocr_line' id='line_1_9' title="bbox 192 550 1365 599; baseline 0.002 -11"><span class='ocrx_word' id='word_1_48' title='bbox 192 564 280 588; x_wconf 82' lang='lat' dir='ltr'>cum</span> <span class='ocrx_word' id='word_1_49' title='bbox 301 554 368 587; x_wconf 88' lang='lat' dir='ltr'>nix</span> <span class='ocrx_word' id='word_1_50' title='bbox 387 551 467 587; x_wconf 86' lang='lat' dir='ltr'>alta</span> <span class='ocrx_word' id='word_1_51' title='bbox 487 553 600 595; x_wconf 81' lang='lat' dir='ltr'>iacet,</span> <span class='ocrx_word' id='word_1_52' title='bbox 616 550 781 599; x_wconf 83' lang='lat' dir='ltr'>glaciem</span> <span class='ocrx_word' id='word_1_53' title='bbox 802 564 890 586; x_wconf 89' lang='lat' dir='ltr'>cum</span> <span class='ocrx_word' id='word_1_54' title='bbox 910 551 1069 587; x_wconf 82' lang='lat' dir='ltr'>flumina</span> <span class='ocrx_word' id='word_1_55' title='bbox 1088 552 1266 589; x_wconf 89' lang='lat' dir='ltr'>trudunt.</span> <span class='ocrx_word' id='word_1_56' title='bbox 1289 553 1365 590; x_wconf 87' lang='lat'>310</span> 
     </span>
     <span class='ocr_line' id='line_1_10' title="bbox 245 604 1204 653; baseline -0.001 -12"><span class='ocrx_word' id='word_1_57' title='bbox 245 604 351 650; x_wconf 85' lang='lat' dir='ltr'>Quid</span> <span class='ocrx_word' id='word_1_58' title='bbox 372 609 634 653; x_wconf 86' lang='lat' dir='ltr'>tempestates</span> <span class='ocrx_word' id='word_1_59' title='bbox 654 607 834 640; x_wconf 80' lang='lat' dir='ltr'>autumni</span> <span class='ocrx_word' id='word_1_60' title='bbox 855 609 896 640; x_wconf 82' lang='lat' dir='ltr'>et</span> <span class='ocrx_word' id='word_1_61' title='bbox 916 604 1044 640; x_wconf 89' lang='lat' dir='ltr'>sidera</span> <span class='ocrx_word' id='word_1_62' title='bbox 1063 605 1204 650; x_wconf 85' lang='lat' dir='ltr'>dicam,</span> 
     </span>
    </p>

    <p class='ocr_par' dir='ltr' id='par_1_10' title="bbox 191 657 1252 707">
     <span class='ocr_line' id='line_1_11' title="bbox 191 657 1252 707; baseline 0 -12"><span class='ocrx_word' id='word_1_63' title='bbox 191 664 324 707; x_wconf 88' lang='lat' dir='ltr'>atque,</span> <span class='ocrx_word' id='word_1_64' title='bbox 344 658 410 694; x_wconf 91' lang='lat' dir='ltr'>ubi</span> <span class='ocrx_word' id='word_1_65' title='bbox 430 660 506 693; x_wconf 89' lang='lat' dir='ltr'>iam</span> <span class='ocrx_word' id='word_1_66' title='bbox 528 658 759 706; x_wconf 84' lang='lat' dir='ltr'>breviorque</span> <span class='ocrx_word' id='word_1_67' title='bbox 779 657 863 693; x_wconf 93' lang='lat' dir='ltr'>dies</span> <span class='ocrx_word' id='word_1_68' title='bbox 883 662 924 694; x_wconf 92' lang='lat' dir='ltr'>et</span> <span class='ocrx_word' id='word_1_69' title='bbox 944 657 1097 694; x_wconf 90' lang='lat' dir='ltr'>mollior</span> <span class='ocrx_word' id='word_1_70' title='bbox 1115 664 1252 706; x_wconf 87' lang='lat' dir='ltr'>aestas,</span> 
     </span>
    </p>

    <p class='ocr_par' dir='ltr' id='par_1_11' title="bbox 192 710 1285 761">
     <span class='ocr_line' id='line_1_12' title="bbox 192 710 1285 761; baseline 0 -13"><span class='ocrx_word' id='word_1_71' title='bbox 192 724 291 761; x_wconf 89' lang='lat' dir='ltr'>quae</span> <span class='ocrx_word' id='word_1_72' title='bbox 312 711 510 759; x_wconf 84' lang='lat' dir='ltr'>vigilanda</span> <span class='ocrx_word' id='word_1_73' title='bbox 530 713 631 755; x_wconf 85' lang='lat' dir='ltr'>viris,</span> <span class='ocrx_word' id='word_1_74' title='bbox 654 710 712 747; x_wconf 85' lang='lat' dir='ltr'>vel</span> <span class='ocrx_word' id='word_1_75' title='bbox 736 724 824 747; x_wconf 87' lang='lat' dir='ltr'>cum</span> <span class='ocrx_word' id='word_1_76' title='bbox 845 713 924 747; x_wconf 87' lang='lat' dir='ltr'>ruit</span> <span class='ocrx_word' id='word_1_77' title='bbox 942 711 1185 748; x_wconf 89' lang='lat' dir='ltr'>imbriferum</span> <span class='ocrx_word' id='word_1_78' title='bbox 1207 725 1285 757; x_wconf 89' lang='lat' dir='ltr'>ver,</span> 
     </span>
    </p>

    <p class='ocr_par' dir='ltr' id='par_1_12' title="bbox 191 764 1232 814">
     <span class='ocr_line' id='line_1_13' title="bbox 191 764 1232 814; baseline 0 -13"><span class='ocrx_word' id='word_1_79' title='bbox 191 768 322 814; x_wconf 86' lang='lat' dir='ltr'>spicea</span> <span class='ocrx_word' id='word_1_80' title='bbox 341 767 417 800; x_wconf 88' lang='lat' dir='ltr'>iam</span> <span class='ocrx_word' id='word_1_81' title='bbox 438 767 584 813; x_wconf 88' lang='lat' dir='ltr'>campis</span> <span class='ocrx_word' id='word_1_82' title='bbox 605 777 693 800; x_wconf 89' lang='lat' dir='ltr'>cum</span> <span class='ocrx_word' id='word_1_83' title='bbox 713 767 848 800; x_wconf 89' lang='lat' dir='ltr'>messis</span> <span class='ocrx_word' id='word_1_84' title='bbox 868 764 1062 801; x_wconf 87' lang='lat' dir='ltr'>inhorruit</span> <span class='ocrx_word' id='word_1_85' title='bbox 1082 770 1124 802; x_wconf 88' lang='lat' dir='ltr'>et</span> <span class='ocrx_word' id='word_1_86' title='bbox 1143 778 1232 801; x_wconf 88' lang='lat' dir='ltr'>cum</span> 
     </span>
    </p>

    <p class='ocr_par' dir='ltr' id='par_1_13' title="bbox 192 817 1362 867">
     <span class='ocr_line' id='line_1_14' title="bbox 192 817 1362 867; baseline 0.003 -12"><span class='ocrx_word' id='word_1_87' title='bbox 192 819 391 855; x_wconf 85' lang='lat' dir='ltr'>frumenta</span> <span class='ocrx_word' id='word_1_88' title='bbox 410 820 450 853; x_wconf 88' lang='lat' dir='ltr'>in</span> <span class='ocrx_word' id='word_1_89' title='bbox 471 817 585 853; x_wconf 87' lang='lat' dir='ltr'>viridi</span> <span class='ocrx_word' id='word_1_90' title='bbox 604 817 750 866; x_wconf 87' lang='lat' dir='ltr'>stipula</span> <span class='ocrx_word' id='word_1_91' title='bbox 770 817 958 854; x_wconf 84' lang='lat' dir='ltr'>lactentia</span> <span class='ocrx_word' id='word_1_92' title='bbox 978 819 1169 867; x_wconf 81' lang='lat' dir='ltr'>turgent?</span> <span class='ocrx_word' id='word_1_93' title='bbox 1289 821 1362 858; x_wconf 84' lang='lat'>315</span> 
     </span>
    </p>

    <p class='ocr_par' dir='ltr' id='par_1_14' title="bbox 191 870 1232 920">
     <span class='ocr_line' id='line_1_15' title="bbox 191 870 1232 920; baseline 0 -12"><span class='ocrx_word' id='word_1_94' title='bbox 191 884 309 920; x_wconf 88' lang='lat' dir='ltr'>saepe</span> <span class='ocrx_word' id='word_1_95' title='bbox 330 884 416 920; x_wconf 86' lang='lat' dir='ltr'>ego,</span> <span class='ocrx_word' id='word_1_96' title='bbox 438 884 525 907; x_wconf 79' lang='lat' dir='ltr'>cum</span> <span class='ocrx_word' id='word_1_97' title='bbox 546 870 652 906; x_wconf 87' lang='lat' dir='ltr'>flavis</span> <span class='ocrx_word' id='word_1_98' title='bbox 672 884 885 907; x_wconf 86' lang='lat' dir='ltr'>messorem</span> <span class='ocrx_word' id='word_1_99' title='bbox 905 871 1113 908; x_wconf 87' lang='lat' dir='ltr'>induceret</span> <span class='ocrx_word' id='word_1_100' title='bbox 1132 875 1232 908; x_wconf 85' lang='lat' dir='ltr'>arvis</span> 
     </span>
    </p>

    <p class='ocr_par' dir='ltr' id='par_1_15' title="bbox 191 924 1231 975">
     <span class='ocr_line' id='line_1_16' title="bbox 191 924 1231 975; baseline 0 -14"><span class='ocrx_word' id='word_1_101' title='bbox 191 925 360 975; x_wconf 85' lang='lat' dir='ltr'>agricola</span> <span class='ocrx_word' id='word_1_102' title='bbox 380 929 422 961; x_wconf 90' lang='lat' dir='ltr'>et</span> <span class='ocrx_word' id='word_1_103' title='bbox 442 924 572 973; x_wconf 80' lang='lat' dir='ltr'>fragili</span> <span class='ocrx_word' id='word_1_104' title='bbox 592 927 668 960; x_wconf 89' lang='lat' dir='ltr'>iam</span> <span class='ocrx_word' id='word_1_105' title='bbox 688 927 904 973; x_wconf 83' lang='lat' dir='ltr'>stringeret</span> <span class='ocrx_word' id='word_1_106' title='bbox 923 924 1071 961; x_wconf 90' lang='lat' dir='ltr'>hordea</span> <span class='ocrx_word' id='word_1_107' title='bbox 1091 925 1231 971; x_wconf 87' lang='lat' dir='ltr'>culmo,</span> 
     </span>
    </p>

    <p class='ocr_par' dir='ltr' id='par_1_16' title="bbox 191 977 1082 1027">
     <span class='ocr_line' id='line_1_17' title="bbox 191 977 1082 1027; baseline 0 -13"><span class='ocrx_word' id='word_1_108' title='bbox 191 981 321 1015; x_wconf 84' lang='lat' dir='ltr'>omnia</span> <span class='ocrx_word' id='word_1_109' title='bbox 342 983 551 1014; x_wconf 88' lang='lat' dir='ltr'>ventorum</span> <span class='ocrx_word' id='word_1_110' title='bbox 572 990 803 1014; x_wconf 88' lang='lat' dir='ltr'>concurrere</span> <span class='ocrx_word' id='word_1_111' title='bbox 823 977 972 1027; x_wconf 84' lang='lat' dir='ltr'>proelia</span> <span class='ocrx_word' id='word_1_112' title='bbox 992 978 1082 1023; x_wconf 85' lang='lat' dir='ltr'>vidi,</span> 
     </span>
    </p>

    <p class='ocr_par' dir='ltr' id='par_1_17' title="bbox 192 1031 1205 1081">
     <span class='ocr_line' id='line_1_18' title="bbox 192 1031 1205 1081; baseline 0.001 -13"><span class='ocrx_word' id='word_1_113' title='bbox 192 1045 291 1081; x_wconf 85' lang='lat' dir='ltr'>quae</span> <span class='ocrx_word' id='word_1_114' title='bbox 312 1031 514 1080; x_wconf 83' lang='lat' dir='ltr'>gravidam</span> <span class='ocrx_word' id='word_1_115' title='bbox 535 1031 614 1068; x_wconf 89' lang='lat' dir='ltr'>late</span> <span class='ocrx_word' id='word_1_116' title='bbox 635 1036 815 1080; x_wconf 83' lang='lat' dir='ltr'>segetem</span> <span class='ocrx_word' id='word_1_117' title='bbox 835 1032 884 1067; x_wconf 91' lang='lat' dir='ltr'>ab</span> <span class='ocrx_word' id='word_1_118' title='bbox 906 1031 1099 1068; x_wconf 84' lang='lat' dir='ltr'>radicibus</span> <span class='ocrx_word' id='word_1_119' title='bbox 1119 1035 1205 1069; x_wconf 90' lang='lat' dir='ltr'>imis</span> 
     </span>
    </p>

    <p class='ocr_par' dir='ltr' id='par_1_18' title="bbox 191 1084 1365 1135">
     <span class='ocr_line' id='line_1_19' title="bbox 191 1084 1365 1135; baseline 0.002 -13"><span class='ocrx_word' id='word_1_120' title='bbox 191 1086 399 1122; x_wconf 88' lang='lat' dir='ltr'>sublimem</span> <span class='ocrx_word' id='word_1_121' title='bbox 419 1084 622 1134; x_wconf 87' lang='lat' dir='ltr'>expulsam</span> <span class='ocrx_word' id='word_1_122' title='bbox 642 1090 851 1128; x_wconf 83' lang='lat' dir='ltr'>eruerent3</span> <span class='ocrx_word' id='word_1_123' title='bbox 880 1087 936 1121; x_wconf 88' lang='lat' dir='ltr'>ita</span> <span class='ocrx_word' id='word_1_124' title='bbox 955 1086 1114 1122; x_wconf 88' lang='lat' dir='ltr'>turbine</span> <span class='ocrx_word' id='word_1_125' title='bbox 1134 1089 1246 1135; x_wconf 87' lang='lat' dir='ltr'>nigro</span> <span class='ocrx_word' id='word_1_126' title='bbox 1288 1086 1365 1124; x_wconf 83' lang='lat'>320</span> 
     </span>
    </p>

    <p class='ocr_par' dir='ltr' id='par_1_19' title="bbox 192 1137 1343 1188">
     <span class='ocr_line' id='line_1_20' title="bbox 192 1137 1343 1188; baseline 0.001 -13"><span class='ocrx_word' id='word_1_127' title='bbox 192 1139 314 1175; x_wconf 90' lang='lat' dir='ltr'>ferret</span> <span class='ocrx_word' id='word_1_128' title='bbox 334 1138 460 1174; x_wconf 92' lang='lat' dir='ltr'>hiems</span> <span class='ocrx_word' id='word_1_129' title='bbox 480 1137 733 1187; x_wconf 88' lang='lat' dir='ltr'>culmumque</span> <span class='ocrx_word' id='word_1_130' title='bbox 754 1137 883 1175; x_wconf 90' lang='lat' dir='ltr'>levem</span> <span class='ocrx_word' id='word_1_131' title='bbox 903 1139 1146 1188; x_wconf 88' lang='lat' dir='ltr'>stipulasque</span> <span class='ocrx_word' id='word_1_132' title='bbox 1168 1139 1343 1177; x_wconf 87' lang='lat' dir='ltr'>volantis.</span> 
     </span>
    </p>

    <p class='ocr_par' dir='ltr' id='par_1_20' title="bbox 191 1191 1333 1242">
     <span class='ocr_line' id='line_1_21' title="bbox 191 1191 1333 1242; baseline 0 -13"><span class='ocrx_word' id='word_1_133' title='bbox 191 1205 307 1241; x_wconf 88' lang='lat' dir='ltr'>saepe</span> <span class='ocrx_word' id='word_1_134' title='bbox 328 1194 448 1228; x_wconf 87' lang='lat' dir='ltr'>etiam</span> <span class='ocrx_word' id='word_1_135' title='bbox 468 1194 703 1227; x_wconf 89' lang='lat' dir='ltr'>immensum</span> <span class='ocrx_word' id='word_1_136' title='bbox 724 1191 832 1228; x_wconf 88' lang='lat' dir='ltr'>caelo</span> <span class='ocrx_word' id='word_1_137' title='bbox 852 1192 963 1228; x_wconf 86' lang='lat' dir='ltr'>venit</span> <span class='ocrx_word' id='word_1_138' title='bbox 982 1205 1125 1241; x_wconf 82' lang='lat' dir='ltr'>agmen</span> <span class='ocrx_word' id='word_1_139' title='bbox 1146 1206 1333 1242; x_wconf 85' lang='lat' dir='ltr'>aquarum</span> 
     </span>
    </p>

    <p class='ocr_par' dir='ltr' id='par_1_21' title="bbox 191 1245 1362 1293">
     <span class='ocr_line' id='line_1_22' title="bbox 191 1245 1362 1293; baseline 0.001 -11"><span class='ocrx_word' id='word_1_140' title='bbox 191 1251 233 1282; x_wconf 91' lang='lat' dir='ltr'>et</span> <span class='ocrx_word' id='word_1_141' title='bbox 251 1245 409 1282; x_wconf 88' lang='lat' dir='ltr'>foedam</span> <span class='ocrx_word' id='word_1_142' title='bbox 428 1245 652 1293; x_wconf 87' lang='lat' dir='ltr'>glomerant</span> <span class='ocrx_word' id='word_1_143' title='bbox 670 1250 951 1293; x_wconf 86' lang='lat' dir='ltr'>tempestatem</span> <span class='ocrx_word' id='word_1_144' title='bbox 973 1246 1161 1282; x_wconf 88' lang='lat' dir='ltr'>imbribus</span> <span class='ocrx_word' id='word_1_145' title='bbox 1181 1249 1274 1283; x_wconf 86' lang='lat' dir='ltr'>atris</span> <span class='ocrx_word' id='word_1_146' title='bbox 1308 1259 1362 1283; x_wconf 70' lang='lat' dir='ltr'>MR</span> 
     </span>
    </p>

    <p class='ocr_par' dir='ltr' id='par_1_22' title="bbox 191 1298 1161 1344">
     <span class='ocr_line' id='line_1_23' title="bbox 191 1298 1161 1344; baseline -0.001 -9"><span class='ocrx_word' id='word_1_147' title='bbox 191 1299 381 1335; x_wconf 82' lang='lat' dir='ltr'>collectae</span> <span class='ocrx_word' id='word_1_148' title='bbox 402 1311 450 1334; x_wconf 89' lang='lat' dir='ltr'>ex</span> <span class='ocrx_word' id='word_1_149' title='bbox 469 1298 550 1334; x_wconf 86' lang='lat' dir='ltr'>alto</span> <span class='ocrx_word' id='word_1_150' title='bbox 570 1298 695 1334; x_wconf 91' lang='lat' dir='ltr'>nubes</span> <span class='ocrx_word' id='word_1_151' title='bbox 713 1310 722 1341; x_wconf 93' lang='lat'>;</span> <span class='ocrx_word' id='word_1_152' title='bbox 751 1301 829 1334; x_wconf 89' lang='lat' dir='ltr'>ruit</span> <span class='ocrx_word' id='word_1_153' title='bbox 848 1298 992 1334; x_wconf 86' lang='lat' dir='ltr'>arduus</span> <span class='ocrx_word' id='word_1_154' title='bbox 1011 1299 1161 1344; x_wconf 85' lang='lat' dir='ltr'>aether,</span> 
     </span>
    </p>

    <p class='ocr_par' dir='ltr' id='par_1_23' title="bbox 191 1351 1362 1401">
     <span class='ocr_line' id='line_1_24' title="bbox 191 1351 1362 1401; baseline 0.003 -13"><span class='ocrx_word' id='word_1_155' title='bbox 191 1358 231 1388; x_wconf 89' lang='lat' dir='ltr'>et</span> <span class='ocrx_word' id='word_1_156' title='bbox 252 1352 382 1401; x_wconf 88' lang='lat' dir='ltr'>pluvia</span> <span class='ocrx_word' id='word_1_157' title='bbox 402 1354 558 1400; x_wconf 84' lang='lat' dir='ltr'>ingenti</span> <span class='ocrx_word' id='word_1_158' title='bbox 578 1356 660 1388; x_wconf 85' lang='lat' dir='ltr'>sata</span> <span class='ocrx_word' id='word_1_159' title='bbox 678 1351 783 1388; x_wconf 88' lang='lat' dir='ltr'>laeta</span> <span class='ocrx_word' id='word_1_160' title='bbox 803 1352 1000 1401; x_wconf 91' lang='lat' dir='ltr'>boumque</span> <span class='ocrx_word' id='word_1_161' title='bbox 1020 1352 1171 1389; x_wconf 87' lang='lat' dir='ltr'>labores</span> <span class='ocrx_word' id='word_1_162' title='bbox 1288 1354 1362 1391; x_wconf 82' lang='lat'>325</span> 
     </span>
    </p>

    <p class='ocr_par' dir='ltr' id='par_1_24' title="bbox 191 1404 1275 1453">
     <span class='ocr_line' id='line_1_25' title="bbox 191 1404 1275 1453; baseline 0.002 -12"><span class='ocrx_word' id='word_1_163' title='bbox 191 1405 330 1448; x_wconf 90' lang='lat' dir='ltr'>diluit;</span> <span class='ocrx_word' id='word_1_164' title='bbox 359 1405 576 1453; x_wconf 86' lang='lat' dir='ltr'>implentur</span> <span class='ocrx_word' id='word_1_165' title='bbox 595 1404 721 1441; x_wconf 86' lang='lat' dir='ltr'>fossae</span> <span class='ocrx_word' id='word_1_166' title='bbox 742 1410 783 1441; x_wconf 91' lang='lat' dir='ltr'>et</span> <span class='ocrx_word' id='word_1_167' title='bbox 802 1418 894 1441; x_wconf 87' lang='lat' dir='ltr'>cava</span> <span class='ocrx_word' id='word_1_168' title='bbox 913 1405 1072 1441; x_wconf 87' lang='lat' dir='ltr'>flumina</span> <span class='ocrx_word' id='word_1_169' title='bbox 1093 1411 1275 1443; x_wconf 86' lang='lat' dir='ltr'>crescunt</span> 
     </span>
    </p>

    <p class='ocr_par' dir='ltr' id='par_1_25' title="bbox 191 1457 1226 1508">
     <span class='ocr_line' id='line_1_26' title="bbox 191 1457 1226 1508; baseline 0.001 -14"><span class='ocrx_word' id='word_1_170' title='bbox 191 1472 279 1494; x_wconf 92' lang='lat' dir='ltr'>cum</span> <span class='ocrx_word' id='word_1_171' title='bbox 300 1460 430 1494; x_wconf 90' lang='lat' dir='ltr'>sonitu</span> <span class='ocrx_word' id='word_1_172' title='bbox 451 1457 658 1507; x_wconf 90' lang='lat' dir='ltr'>fervetque</span> <span class='ocrx_word' id='word_1_173' title='bbox 680 1457 791 1494; x_wconf 85' lang='lat' dir='ltr'>fretis</span> <span class='ocrx_word' id='word_1_174' title='bbox 812 1460 1051 1507; x_wconf 84' lang='lat' dir='ltr'>spirantibus</span> <span class='ocrx_word' id='word_1_175' title='bbox 1070 1472 1226 1508; x_wconf 88' lang='lat' dir='ltr'>aequor.</span> 
     </span>
    </p>

    <p class='ocr_par' dir='ltr' id='par_1_26' title="bbox 190 1511 1178 1561">
     <span class='ocr_line' id='line_1_27' title="bbox 190 1511 1178 1561; baseline 0 -13"><span class='ocrx_word' id='word_1_176' title='bbox 190 1515 273 1561; x_wconf 91' lang='lat' dir='ltr'>ipse</span> <span class='ocrx_word' id='word_1_177' title='bbox 294 1516 407 1560; x_wconf 88' lang='lat' dir='ltr'>pater</span> <span class='ocrx_word' id='word_1_178' title='bbox 428 1511 558 1547; x_wconf 87' lang='lat' dir='ltr'>media</span> <span class='ocrx_word' id='word_1_179' title='bbox 578 1511 800 1547; x_wconf 88' lang='lat' dir='ltr'>nimborum</span> <span class='ocrx_word' id='word_1_180' title='bbox 822 1515 862 1547; x_wconf 91' lang='lat' dir='ltr'>in</span> <span class='ocrx_word' id='word_1_181' title='bbox 882 1517 998 1548; x_wconf 91' lang='lat' dir='ltr'>nocte</span> <span class='ocrx_word' id='word_1_182' title='bbox 1020 1525 1178 1549; x_wconf 87' lang='lat' dir='ltr'>corusca</span> 
     </span>
    </p>

    <p class='ocr_par' dir='ltr' id='par_1_27' title="bbox 190 1564 1153 1614">
     <span class='ocr_line' id='line_1_28' title="bbox 190 1564 1153 1614; baseline 0.002 -14"><span class='ocrx_word' id='word_1_183' title='bbox 190 1565 355 1601; x_wconf 88' lang='lat' dir='ltr'>fulmina</span> <span class='ocrx_word' id='word_1_184' title='bbox 374 1564 535 1601; x_wconf 83' lang='lat' dir='ltr'>molitur</span> <span class='ocrx_word' id='word_1_185' title='bbox 553 1564 694 1601; x_wconf 85' lang='lat' dir='ltr'>dextra</span> <span class='ocrx_word' id='word_1_186' title='bbox 710 1578 717 1600; x_wconf 75' lang='grc' dir='ltr'>ε</span> <span class='ocrx_word' id='word_1_187' title='bbox 747 1578 823 1614; x_wconf 91' lang='lat' dir='ltr'>quo</span> <span class='ocrx_word' id='word_1_188' title='bbox 843 1578 1024 1601; x_wconf 84' lang='lat' dir='ltr'>maxuma</span> <span class='ocrx_word' id='word_1_189' title='bbox 1043 1571 1153 1602; x_wconf 91' lang='lat' dir='ltr'>motu</span> 
     </span>
    </p>

    <p class='ocr_par' dir='ltr' id='par_1_28' title="bbox 190 1617 1363 1666">
     <span class='ocr_line' id='line_1_29' title="bbox 190 1617 1363 1666; baseline 0.003 -11"><span class='ocrx_word' id='word_1_190' title='bbox 190 1624 294 1655; x_wconf 83' lang='lat' dir='ltr'>terra</span> <span class='ocrx_word' id='word_1_191' title='bbox 314 1621 474 1661; x_wconf 81' lang='lat' dir='ltr'>tremit3</span> <span class='ocrx_word' id='word_1_192' title='bbox 505 1617 643 1666; x_wconf 84' lang='lat' dir='ltr'>fugere</span> <span class='ocrx_word' id='word_1_193' title='bbox 665 1617 771 1655; x_wconf 87' lang='lat' dir='ltr'>ferae</span> <span class='ocrx_word' id='word_1_194' title='bbox 792 1623 833 1655; x_wconf 92' lang='lat' dir='ltr'>et</span> <span class='ocrx_word' id='word_1_195' title='bbox 852 1618 1030 1655; x_wconf 85' lang='lat' dir='ltr'>mortalia</span> <span class='ocrx_word' id='word_1_196' title='bbox 1050 1619 1167 1655; x_wconf 85' lang='lat' dir='ltr'>corda</span> <span class='ocrx_word' id='word_1_197' title='bbox 1289 1621 1363 1658; x_wconf 86' lang='lat'>330</span> 
     </span>
    </p>

    <p class='ocr_par' dir='ltr' id='par_1_29' title="bbox 190 1671 1217 1721">
     <span class='ocr_line' id='line_1_30' title="bbox 190 1671 1217 1721; baseline 0.002 -14"><span class='ocrx_word' id='word_1_198' title='bbox 190 1685 261 1720; x_wconf 91' lang='lat' dir='ltr'>per</span> <span class='ocrx_word' id='word_1_199' title='bbox 280 1676 423 1720; x_wconf 80' lang='lat' dir='ltr'>gentes</span> <span class='ocrx_word' id='word_1_200' title='bbox 444 1671 601 1708; x_wconf 86' lang='lat' dir='ltr'>humilis</span> <span class='ocrx_word' id='word_1_201' title='bbox 622 1673 760 1707; x_wconf 87' lang='lat' dir='ltr'>stravit</span> <span class='ocrx_word' id='word_1_202' title='bbox 780 1685 922 1720; x_wconf 88' lang='lat' dir='ltr'>pavor:</span> <span class='ocrx_word' id='word_1_203' title='bbox 951 1671 1017 1708; x_wconf 93' lang='lat' dir='ltr'>ille</span> <span class='ocrx_word' id='word_1_204' title='bbox 1038 1671 1217 1721; x_wconf 81' lang='lat' dir='ltr'>flagranti</span> 
     </span>
    </p>

    <p class='ocr_par' dir='ltr' id='par_1_30' title="bbox 190 1724 1244 1773">
     <span class='ocr_line' id='line_1_31' title="bbox 190 1724 1244 1773; baseline 0.002 -13"><span class='ocrx_word' id='word_1_205' title='bbox 190 1730 257 1761; x_wconf 92' lang='lat' dir='ltr'>aut</span> <span class='ocrx_word' id='word_1_206' title='bbox 278 1724 414 1762; x_wconf 88' lang='lat' dir='ltr'>Athon</span> <span class='ocrx_word' id='word_1_207' title='bbox 434 1730 503 1761; x_wconf 87' lang='lat' dir='ltr'>aut</span> <span class='ocrx_word' id='word_1_208' title='bbox 527 1724 745 1773; x_wconf 85' lang='lat' dir='ltr'>Rhodopen</span> <span class='ocrx_word' id='word_1_209' title='bbox 764 1730 832 1761; x_wconf 90' lang='lat' dir='ltr'>aut</span> <span class='ocrx_word' id='word_1_210' title='bbox 852 1725 931 1761; x_wconf 86' lang='lat' dir='ltr'>alta</span> <span class='ocrx_word' id='word_1_211' title='bbox 952 1725 1143 1762; x_wconf 85' lang='lat' dir='ltr'>Ceraunia</span> <span class='ocrx_word' id='word_1_212' title='bbox 1165 1726 1244 1762; x_wconf 84' lang='lat' dir='ltr'>telo</span> 
     </span>
    </p>
   </div>
   <div class='ocr_carea' id='block_1_3' title="bbox 488 1817 1038 2027">
    <p class='ocr_par' dir='ltr' id='par_1_31' title="bbox 489 1817 811 1857">
     <span class='ocr_line' id='line_1_32' title="bbox 489 1817 811 1857; baseline 0.006 -11"><span class='ocrx_word' id='word_1_213' title='bbox 489 1817 532 1835; x_wconf 63' lang='lat'>3⁴³⁹</span> <span class='ocrx_word' id='word_1_214' title='bbox 556 1820 756 1857; x_wconf 79' lang='lat' dir='ltr'>torquentes</span> <span class='ocrx_word' id='word_1_215' title='bbox 772 1818 811 1848; x_wconf 76' lang='lat' dir='ltr'>R.</span> 
     </span>
    </p>

    <p class='ocr_par' dir='ltr' id='par_1_32' title="bbox 488 1858 1038 1943">
     <span class='ocr_line' id='line_1_33' title="bbox 488 1858 1038 1891; baseline 0.004 -2"><span class='ocrx_word' id='word_1_216' title='bbox 488 1858 531 1877; x_wconf 77' lang='lat'>³¹⁵</span> <span class='ocrx_word' id='word_1_217' title='bbox 555 1859 700 1890; x_wconf 78' lang='lat' dir='ltr'>latentia</span> <span class='ocrx_word' id='word_1_218' title='bbox 716 1859 773 1889; x_wconf 75' lang='lat' dir='ltr'>Ml</span> <span class='ocrx_word' id='word_1_219' title='bbox 784 1873 793 1891; x_wconf 89' lang='lat'>.·</span> <span class='ocrx_word' id='word_1_220' title='bbox 819 1860 983 1891; x_wconf 73' lang='lat' dir='ltr'>iactentia</span> <span class='ocrx_word' id='word_1_221' title='bbox 999 1862 1038 1891; x_wconf 76' lang='lat' dir='ltr'>R.</span> 
     </span>
     <span class='ocr_line' id='line_1_34' title="bbox 488 1901 812 1943; baseline 0.009 -12"><span class='ocrx_word' id='word_1_222' title='bbox 488 1901 531 1919; x_wconf 64' lang='lat'>³¹³</span> <span class='ocrx_word' id='word_1_223' title='bbox 553 1912 756 1943; x_wconf 79' lang='lat' dir='ltr'>consurgere</span> <span class='ocrx_word' id='word_1_224' title='bbox 773 1904 812 1934; x_wconf 78' lang='lat' dir='ltr'>R.</span> 
     </span>
    </p>

    <p class='ocr_par' dir='ltr' id='par_1_33' title="bbox 488 1943 794 1984">
     <span class='ocr_line' id='line_1_35' title="bbox 488 1943 794 1984; baseline 0.007 -11"><span class='ocrx_word' id='word_1_225' title='bbox 488 1943 531 1962; x_wconf 75' lang='lat'>³2¹</span> <span class='ocrx_word' id='word_1_226' title='bbox 555 1945 723 1984; x_wconf 82' lang='lat' dir='ltr'>nigrantis</span> <span class='ocrx_word' id='word_1_227' title='bbox 740 1945 794 1975; x_wconf 76' lang='lat' dir='ltr'>Pl.</span> 
     </span>
    </p>

    <p class='ocr_par' dir='ltr' id='par_1_34' title="bbox 488 1986 847 2027">
     <span class='ocr_line' id='line_1_36' title="bbox 488 1986 847 2027; baseline 0.011 -11"><span class='ocrx_word' id='word_1_228' title='bbox 488 1986 530 2005; x_wconf 76' lang='lat'>²³²⁷</span> <span class='ocrx_word' id='word_1_229' title='bbox 554 1987 793 2027; x_wconf 76' lang='lat' dir='ltr'>spumantibus</span> <span class='ocrx_word' id='word_1_230' title='bbox 810 1989 847 2020; x_wconf 80' lang='lat' dir='ltr'>R.</span> 
     </span>
    </p>
   </div>
   <div class='ocr_carea' id='block_1_4' title="bbox 194 2047 260 2082">
    <p class='ocr_par' dir='ltr' id='par_1_35' title="bbox 194 2047 260 2082">
     <span class='ocr_line' id='line_1_37' title="bbox 194 2047 260 2082; baseline 0 0"><span class='ocrx_word' id='word_1_231' title='bbox 194 2047 204 2082; x_wconf 91' lang='lat' dir='ltr'>l</span> <span class='ocrx_word' id='word_1_232' title='bbox 214 2047 260 2082; x_wconf 74' lang='lat'>02</span> 
     </span>
    </p>
   </div>
  </div>
 </body>
</html>
