1430 2335
656 70 710 109 VI
720 70 849 110 RGIL

160 149 374 197 imparibus
394 148 532 185 ductos
553 148 632 184 alta
651 148 701 184 ad
722 148 884 184 donaria
902 161 1045 185 currus.

162 214 256 250 ergo
275 214 395 249 aegre
416 204 548 237 rastris
568 206 714 238 terram
734 203 937 246 rimantur,
958 206 999 237 et
1018 203 1111 250 ipsis

161 254 359 302 unguibus
379 254 578 290 infodiunt
598 254 745 303 frugeS‚
763 257 987 303 montisque
1007 267 1078 303 per
1096 254 1197 289 altos
1259 255 1334 288 535

162 311 352 343 contenta
371 309 522 344 cervice
543 307 706 343 trahunt
726 307 934 343 stridentia
954 307 1138 356 plaustra.

162 373 240 396 non
261 359 375 409 lupus
395 360 555 396 insidias
575 360 754 409 explorat
774 360 890 396 ovilia
909 362 1055 396 circum

162 425 237 448 nec
256 413 442 462 gregibus
462 418 676 450 nocturnus
695 413 947 456 obambulat3
975 416 1098 449 acrior
1117 412 1228 448 illum

163 479 253 502 cura
272 465 418 502 domat.
476 467 607 502 timidi
622 466 802 503 dammae
823 468 1006 515 cervique
1027 466 1186 516 fugaces

161 532 267 555 nunc
286 521 469 569 interque
490 533 606 556 canes
626 525 667 555 et
686 522 833 556 circum
851 524 960 555 tecta
979 523 1181 568 vagantur.
1259 521 1334 553 540

162 574 237 608 iam
258 575 375 609 maris
394 575 573 609 immensi
594 572 746 622 prolem
767 578 807 610 et
827 585 951 622 genus
970 585 1086 608 omne
1107 575 1317 607 natantum

162 624 278 662 litore
298 628 338 661 in
359 631 537 663 extremo
556 639 628 662 ceu
649 625 837 675 naufraga
856 638 1017 675 corpora
1036 624 1176 661 fluctus

163 678 334 727 proluit3
362 680 546 715 insolitae
566 679 726 728 fugiunt
747 681 785 714 in
806 678 967 714 flumina
987 678 1147 726 phocae.

162 734 300 768 interit
321 737 362 768 et
382 735 508 768 curvis
528 731 672 768 frustra
692 731 855 768 defensa
877 731 1038 767 latebris

161 787 296 834 vipera
315 790 356 821 et
375 787 536 822 attoniti
551 785 721 835 squamis
740 785 987 821 adstantibus
1007 784 1136 833 hydri.
1263 787 1334 819 545

162 840 254 887 ipsis
275 844 335 875 est
354 843 421 875 aer
439 839 574 874 avibus
594 852 672 875 non
693 851 852 887 aequus,
868 842 910 874 et
928 837 1018 874 illae

161 894 399 941 praecipites
417 891 498 928 alta
519 895 640 928 vitam
660 892 731 927 sub
754 891 859 927 nube
879 890 1120 940 relinquunt.

160 950 364 993 praeterea
384 947 460 981 iam
481 958 553 982 nee
572 946 715 981 mutari
734 944 876 993 pabula
895 943 1031 987 refert,

161 1000 440 1047 quaesitaeque
461 1003 606 1035 nocent
624 1003 750 1041 artes3
780 1010 928 1033 cessere
948 998 1138 1045 magistri,

163 1050 399 1100 Phillyrides
419 1051 563 1087 Chiron
585 1051 953 1100 Amythaoniusque
975 1049 1207 1098 Melampus.
1260 1053 1334 1085 550

162 1107 285 1140 saevit
305 1110 347 1141 et
367 1107 405 1140 in
427 1105 556 1141 lucem
577 1103 725 1153 Stygiis
745 1106 884 1140 emissa
904 1103 1078 1139 tenebris

160 1157 309 1206 pallida
325 1157 538 1207 Tisiphone
562 1157 720 1193 Morbos
740 1159 824 1205 agit
841 1161 935 1192 ante
958 1156 1192 1205 Metumque

160 1213 278 1260 inque
299 1210 384 1247 dies
403 1210 561 1246 avidum
582 1223 745 1258 surgens
765 1214 883 1258 eaput
902 1209 1020 1245 altius
1039 1208 1161 1245 effert.

162 1264 295 1300 balatu
317 1276 503 1312 pecorum
523 1268 565 1300 et
586 1264 731 1300 crebris
751 1262 966 1311 mugitibus
987 1274 1122 1297 amnes

159 1321 394 1366 arentesque
415 1321 554 1353 sonant
575 1319 683 1365 ripae
704 1316 900 1364 collesque
922 1316 1060 1364 supini.
1258 1318 1332 1351 555

160 1372 316 1419 iamque
345 1372 575 1406 catervatim
605 1370 675 1405 dat
703 1373 875 1418 stragem
903 1373 1022 1418 atque
1051 1372 1215 1417 aggerat

265 1426 357 1473 ipsis

159 1479 199 1512 in
219 1477 382 1512 stabulis
401 1479 508 1525 turpi
529 1475 680 1525 dilapsa
701 1475 889 1512 cadavera
909 1475 1014 1518 tabo,

159 1529 286 1565 donec
306 1529 427 1565 humo
448 1534 586 1579 tegere
606 1543 651 1565 ae
672 1528 794 1564 foveis
814 1528 1056 1565 abscondere
1077 1527 1246 1564 diseunt.

157 1595 249 1619 nam
268 1596 398 1632 neque
419 1588 503 1618 erat
523 1584 635 1618 coriis
655 1595 757 1627 usus,
776 1595 851 1618 nec
871 1583 1018 1617 viscera
1037 1583 1240 1630 quisquam

158 1641 225 1671 aut
246 1635 361 1672 undis
380 1635 538 1672 abolere
558 1639 692 1684 potest
710 1640 780 1670 aut
800 1637 957 1670 vincere
976 1632 1140 1670 flamma.
1254 1632 1330 1670 560

157 1701 207 1724 ne
228 1688 396 1725 tondere
415 1688 577 1738 quidem
597 1687 735 1725 morbo
751 1687 976 1736 inluvieque
996 1699 1131 1735 peresa

240 1764 284 1783 ⁵³'
306 1765 474 1797 insidians
491 1765 529 1796 R.
762 1762 806 1782 544
826 1764 989 1803 deprensa
1004 1763 1043 1795 P.

240 1806 283 1826 ⁵⁴⁵
305 1808 515 1845 serpentibus
531 1808 571 1838 P.

241 1849 284 1868 ⁵4⁸
309 1860 368 1882 nec
385 1851 451 1881 iam
470 1850 594 1880 mutari
613 1850 659 1881 R:
682 1859 743 1880 nec
760 1848 886 1879 mutari
901 1848 969 1880 iam
985 1846 1181 1879 Macrobius.

240 1892 284 1911 ⁵⁴²⁹
308 1903 436 1924 cessare
452 1892 516 1924 M1.

241 1934 283 1954 ⁵⁵⁵
307 1936 483 1967 horrentes
499 1936 538 1965 R.

160 1999 230 2038 192
