1430 2335
665 84 857 122 VIRGIL

171 163 351 210 protinus
369 162 495 197 aerias
516 159 739 198 Phaeacum
759 160 1036 198 abscondimus
1055 172 1176 205 arces,

170 214 365 263 litoraque
387 214 496 263 Epiri
516 213 686 263 legimus
707 220 903 264 portuque
923 214 1098 251 subimus

171 267 347 304 Chaonio
367 273 408 304 et
427 267 572 304 celsam
595 267 780 304 Buthroti
800 267 1026 304 accedimus
1047 267 1196 303 urbem.

223 325 246 341 “
265 321 343 357 Hic
361 321 606 358 incredibilis
625 334 756 358 rerum
776 321 880 357 fama
899 326 1066 370 occupat
1084 323 1200 364 auris,

172 373 399 412 Priamiden
421 374 625 411 Helenum
645 375 783 412 Graias
803 388 970 424 regnare
990 388 1060 424 per
1079 375 1208 419 urbes,
1271 376 1345 414 295

170 431 354 477 coniugio
374 428 573 465 Aeacidae
596 428 735 478 Pyrrhi
755 431 998 478 sceptrisque
1019 430 1205 477 potitum,

170 487 213 518 et
232 485 362 530 patrio
383 482 693 518 Andromachen
713 485 860 518 iterum
879 486 1041 519 cessisse
1060 484 1212 517 marito.

169 536 356 585 obstipui,
376 539 554 585 miroque
573 538 780 573 incensum
800 541 940 584 pectus
957 548 1090 572 amore

169 589 410 638 compellare
430 592 555 625 virum
575 595 618 626 et
636 603 747 626 casus
766 602 1004 638 cognoscere
1023 593 1168 625 tantos.

170 642 402 692 progredior
422 648 553 692 portu,
573 643 706 680 classis
725 648 768 680 et
787 643 903 679 litora
920 642 1118 692 linquens,
1271 653 1347 677 FMP

169 696 371 733 sollemnis
390 710 480 732 cum
500 696 602 733 sorte
622 697 744 746 dapes
764 702 806 733 et
825 699 952 733 tristia
971 696 1075 733 dona
1270 698 1342 731 301

168 755 263 786 ante
285 751 421 787 urbem
441 752 482 786 in
501 750 590 787 luco
608 749 696 787 falsi
715 750 929 787 Simoentis
947 750 997 787 ad
1019 749 1162 786 undam

169 803 319 840 libabat
339 804 462 840 cineri
482 804 777 850 Andromache,
799 804 1005 853 Manisque
1025 803 1188 839 vocabat

171 858 419 894 Hectoreum
439 857 488 893 ad
508 857 846 903 tumulum,viridi
859 870 979 907 quem
993 859 1167 905 caespite
1187 858 1346 892 inanem

170 916 213 947 et
232 914 425 958 geminas,
445 924 601 948 causam
621 911 803 956 lacrimis,
823 915 1046 947 sacraverat
1064 923 1159 946 aras.
1269 913 1345 945 305

170 970 214 1001 ut
232 977 295 1001 me
316 967 522 1014 conspexit
540 967 768 1002 venientem
789 970 830 1001 et
850 964 963 1001 Troia
983 967 1129 1000 circum

168 1032 277 1054 arma
296 1031 432 1056 amens
451 1018 563 1063 vidit,
583 1021 736 1067 magnis
755 1022 945 1056 exterrita
963 1020 1150 1054 monstris

169 1072 345 1120 deriguit
365 1075 448 1108 visu
469 1075 509 1107 in
530 1073 674 1117 medio,
695 1072 800 1108 calor
817 1085 902 1108 ossa
923 1072 1096 1120 reliquit,

169 1125 314 1162 labitur
333 1131 376 1163 et
394 1125 515 1175 longo
536 1129 598 1162 vix
616 1126 780 1163 tandem
802 1130 981 1174 'tempore
1000 1125 1129 1161 fatur:

169 1183 180 1200 ‘
194 1192 336 1215 verane
356 1185 399 1216 te
419 1179 550 1223 facies,
572 1193 685 1216 verus
705 1179 802 1215 mihi
823 1181 985 1215 nuntius
1004 1178 1148 1222 adfers,
1269 1181 1345 1213 310

167 1238 262 1269 nate
282 1233 384 1269 dea?
439 1234 619 1269 vivisne?
666 1238 735 1269 aut
755 1235 785 1268 si
805 1233 871 1269 lux
891 1233 991 1268 alma
1012 1234 1188 1275 recessit,

171 1287 326 1322 Hector
346 1287 413 1323 ubi
433 1288 523 1323 est?
539 1286 546 1297 '
589 1286 691 1322 dixit
706 1286 963 1336 lacrimasque
976 1285 1116 1321 effudit
1129 1290 1170 1320 et
1185 1297 1343 1320 omnem

169 1340 351 1389 implevit
369 1340 539 1377 clamore
560 1339 701 1376 locum.
751 1343 814 1376 vix
834 1353 958 1389 pauca
977 1338 1126 1376 furenti

169 1394 319 1430 subicio
339 1398 381 1430 et
400 1396 494 1430 raris
513 1394 696 1431 turbatus
716 1394 877 1430 vocibus
897 1393 1028 1429 hisco:

169 1451 179 1467 ‘
196 1449 283 1484 vivo
303 1447 488 1497 equidem
509 1450 710 1496 vitamque
731 1452 908 1484 extrema
927 1459 999 1496 per
1017 1448 1147 1483 omnia
1168 1445 1291 1487 duem

168 1514 219 1537 ne
240 1501 391 1545 dubita,
410 1514 503 1536 nam
523 1513 613 1537 vera
634 1500 754 1537 vides.
1268 1496 1344 1535 316

168 1554 245 1591 heu
265 1555 272 1591 l
301 1557 386 1604 quis
406 1559 447 1591 te
468 1567 578 1590 casus
598 1553 796 1591 deiectam
816 1555 984 1602 coniuge
1004 1557 1118 1589 tanto

168 1609 348 1657 excipit?
375 1613 446 1644 aut
465 1621 565 1657 quae
585 1607 707 1656 digna
727 1611 820 1644 satis
840 1607 1000 1643 fortuna
1018 1609 1167 1650 revisit,

170 1662 358 1698 Hectoris
378 1661 656 1697 Andromache
674 1661 688 1697 ?
745 1660 911 1710 Pyrrhin
933 1661 1101 1696 conubia
1120 1660 1277 1697 servas?
1294 1659 1302 1671 ’

167 1715 315 1752 deiecit
335 1715 483 1751 voltum
507 1720 547 1752 et
568 1715 737 1751 demissa
757 1728 851 1751 voce
871 1715 1003 1751 locuta
1023 1719 1106 1751 est:
1268 1717 1343 1749 320

210 1809 253 1828 ²⁹²
278 1814 395 1851 portus
411 1811 459 1841 M.
633 1808 676 1828 ²⁹³
701 1811 870 1842 Chaonios
887 1809 949 1849 M2,
965 1810 1079 1841 known
1094 1814 1124 1841 ιο
1139 1810 1280 1842 Servius.

209 1852 254 1872 ³¹⁰
277 1864 394 1884 verum
411 1853 476 1885 Ml.
626 1852 670 1871 ⁸¹²
693 1854 836 1884 effundit
852 1853 891 1884 P.

208 1895 253 1914 ³¹⁹
277 1896 536 1928 Andromachen
555 1895 594 1933 οἳ,
611 1896 724 1927 known
748 1901 778 1927 to
797 1897 938 1931 Servius,
957 1896 1023 1926 who
1047 1895 1167 1927 direct-5
1189 1907 1237 1930 us,
1260 1896 1293 1935 if
1302 1907 1345 1928 we

167 1940 248 1971 read
264 1939 314 1970 the
329 1941 482 1976 vocative,
497 1944 527 1971 to
543 1944 690 1971 construe
708 1940 731 1970 it
748 1940 826 1970 with
842 1940 925 1970 what
941 1939 1081 1979 follows.
1125 1939 1167 1970 So
1184 1939 1342 1980 For-biqer,

167 1982 337 2024 Kenncdy,
351 1982 448 2024 Pa9e‚
462 1982 530 2014 and
546 1983 658 2014 others.
707 1982 827 2020 Pyrrhi
843 1981 953 2014 F1P1.

169 2035 243 2074 368
