1430 2335
648 93 840 131 VIRGIL

153 174 234 209 sive
255 172 354 209 deae
373 184 441 209 seu
461 174 540 208 sint
560 170 667 208 dirae
686 170 960 219 obscenaeque
980 167 1167 204 volucres.

154 239 196 270 et
214 239 328 283 pater
347 233 542 270 Anchises
561 235 681 282 passis
700 232 750 269 de
768 231 886 268 litore
905 229 1044 280 palmis

152 298 317 332 numina
335 308 478 345 magna
497 300 612 331 vocat
631 296 871 343 meritosque
890 293 1031 330 indicit
1049 291 1215 328 honores
1231 304 1239 327 :

153 360 164 377 ‘
180 356 233 403 di,
254 356 462 406 prohibete
478 359 616 401 minas,
637 356 689 401 di,
710 354 832 391 talem
851 357 1019 391 avertite
1040 365 1170 389 casum
1257 348 1330 387 265

154 423 196 455 et
214 418 359 468 placidi
378 423 531 456 servate
548 420 632 467 pios
648 418 655 454 !
669 417 677 428 '
733 422 818 453 tum
839 416 955 453 litore
975 415 1112 451 sunem
1134 456 1137 459 v

153 480 335 529 deripere
358 492 620 529 excussosque
641 479 753 515 iubet
775 478 906 514 laxare
925 477 1119 514 rudentis.

154 542 332 580 tendunt
350 542 438 580 vela
459 542 575 585 Noti3
608 540 782 591 fugimus
802 539 1078 589 spumantibus
1099 537 1229 582 undis,

153 617 230 653 qua
251 617 407 641 cursum
428 608 650 653 ventusque
671 602 994 652 gubernatorque
1017 600 1192 636 vocabat.

153 668 230 701 iam
251 666 383 703 medio
403 670 569 715 apparet
591 664 712 701 fluctu
732 676 939 700 nemorosa
959 661 1183 712 Zacynthos
1258 661 1332 698 270

155 727 466 777 Dulichiumque
488 727 685 776 Sameque
707 731 748 762 et
768 725 929 762 Neritos
948 725 1070 760 ardua
1089 725 1202 759 saxis.

155 790 364 838 effugimus
384 788 564 838 scopulos
587 788 763 833 Ithacae,
787 787 945 823 Laertia
963 798 1098 835 regna,

155 856 197 887 et
216 856 362 888 terram
382 851 561 888 altricem
583 852 689 886 saevi
709 861 959 886 exsecramur
979 847 1086 884 Ulixi
1105 859 1113 890 ;

154 925 245 949 mox
267 918 308 949 et
329 912 530 949 Leucatae
552 911 732 947 nimbosa
752 912 957 947 cacumina
975 910 1123 945 montis

155 979 197 1011 et
216 974 449 1011 formidatus
469 976 600 1010 nautis
619 975 796 1022 aperitur
817 971 971 1021 Apollo.
1258 971 1331 1008 275

155 1036 261 1072 hunc
283 1039 455 1085 petimus
476 1035 567 1071 fessi
589 1040 631 1072 et
651 1047 792 1084 parvae
813 1033 1062 1070 succedimus
1082 1032 1193 1075 urbi;

154 1106 297 1129 ancora
317 1093 367 1129 de
388 1105 503 1142 prora
523 1094 678 1136 iacitur,
699 1095 808 1128 stant
826 1090 943 1127 litore
964 1102 1129 1140 puppes.

208 1160 231 1175 ‘⁶
248 1155 354 1203 Ergo
373 1157 575 1203 insperata
594 1153 758 1189 tandem
779 1152 923 1189 tellure
943 1154 1060 1201 potiti

154 1216 447 1265 lustramurque
469 1216 553 1251 Iovi
574 1217 753 1264 votisque
775 1214 1023 1250 incendimus
1043 1226 1126 1249 aras

155 1279 351 1328 Actiaque
373 1277 501 1314 Iliacis
521 1277 766 1313 celebramus
786 1276 901 1312 litora
922 1275 1035 1312 ludis.
1258 1277 1333 1310 280

156 1340 345 1372 exercent
365 1337 510 1384 patrias
530 1334 617 1371 oleo
637 1334 799 1370 labente
821 1333 1035 1382 palaestras

156 1393 294 1429 nudati
315 1395 431 1435 socii;
464 1394 572 1428 iuvat
593 1393 761 1427 evasisse
781 1395 843 1427 tot
863 1391 979 1426 urbes

156 1450 361 1497 Argolicas
380 1449 612 1498 mediosque
633 1448 767 1497 sugam
787 1450 964 1484 tenuisse
985 1460 1056 1496 per
1074 1447 1209 1484 hostis.

156 1510 310 1544 interea
329 1519 518 1555 magnum
541 1505 596 1542 sol
617 1505 939 1542 circumvolvitur
958 1517 1105 1540 annum

156 1569 197 1601 et
219 1554 542 1612 glacialis‘hiems
562 1562 826 1612 Aquilonibus
846 1567 1003 1611 asperat
1024 1561 1170 1598 undas:
1259 1566 1332 1598 285

155 1634 247 1658 aere
268 1633 361 1657 cavo
381 1620 568 1670 clipeum,
588 1622 720 1669 magni
741 1624 947 1670 gestamen
970 1619 1150 1664 Abantis,

156 1679 337 1729 postibus
357 1677 531 1715 adversis
552 1677 630 1726 figo
651 1682 692 1714 et
712 1690 794 1714 rem
816 1679 988 1713 carmine
1009 1679 1144 1725 signo:

159 1769 306 1792 AENEAS
329 1768 429 1791 HAEC
451 1768 501 1792 DE
522 1767 662 1791 DANAIS
682 1767 909 1792 VICTORIBUS
930 1767 1050 1791 ARMA.

156 1835 339 1884 linquere
361 1839 444 1871 tum
468 1839 604 1883 portus
623 1833 742 1870 iubeo
762 1838 804 1870 et
823 1833 1029 1870 considere
1050 1836 1254 1879 transtris3

157 1894 342 1928 certatim
363 1894 456 1927 socii
476 1891 627 1928 feriunt
645 1903 753 1928 mare
775 1896 817 1928 et
836 1903 1007 1940 aequora
1028 1897 1197 1928 verrunt.
1257 1895 1333 1933 290

284 1960 327 1979 ²⁵³
352 1964 386 1991 at
403 1960 465 1991 M2.
820 1960 863 1980 ²⁶⁵
888 1960 1019 2000 placide
1036 1961 1074 1992 P.

284 2003 325 2022 ²⁶⁷
351 2004 496 2044 diripere
512 2004 558 2034 M.
819 2003 862 2022 ²⁶⁸
885 2004 1050 2043 fugimus]
1071 2004 1210 2035 ferimur
1226 2003 1279 2036 1²².

159 2045 235 2084 366
