1430 2335
644 94 836 132 VIRGIL

176 175 362 222 ignavum
382 172 491 208 fucos
511 185 630 221 pecus
648 184 670 207 a
692 171 946 220 praesepibus
965 175 1112 207 arcent.

175 233 303 270 fervet
323 246 432 283 opus,
449 232 710 282 redolentque
731 232 869 282 thymo
888 231 1104 281 fragrantia
1121 230 1250 268 mella.

174 308 220 331 ae
234 295 354 331 veluti
377 295 496 331 lentis
517 293 709 343 Cyclopes
730 293 898 330 fulmina
918 295 1052 329 massis
1286 290 1358 328 170

175 369 264 392 cum
285 360 513 406 properant,
530 355 596 391 alii
616 356 780 391 taurinis
799 354 957 391 follibus
976 367 1088 390 auras

174 420 376 466 accipiunt
396 416 661 465 redduntque,
681 416 748 452 alii
768 415 976 452 stridentia
995 417 1160 464 tingunt

175 492 265 514 aera
286 478 370 514 lacu
387 490 396 521 3
425 480 551 527 gemit
573 480 766 527 impositis
787 477 995 513 incudibus
1016 476 1170 519 Aetna3

175 540 232 578 illi
251 542 356 576 inter
376 551 460 575 sese
481 552 625 588 magna
647 541 683 574 vi
703 538 885 575 bracchia
904 538 1052 574 tollunt

176 604 216 637 in
233 614 455 645 numerum,
478 605 711 650 versantque
731 602 861 636 tenaci
881 598 1030 648 forcipe
1051 598 1222 635 ferrum:
1308 609 1360 634 ΜΡ

176 676 253 698 non
273 663 400 704 aliter,
423 664 453 698 si
475 674 592 711 parva
613 662 706 697 licet
726 673 961 710 componere
982 662 1146 709 magnis,
1289 657 1360 696 176

177 724 384 774 Cecropias
405 726 563 760 innatus
574 736 668 773 apes
687 736 795 759 amor
814 727 931 772 urget
949 721 1122 758 habendi

175 799 341 822 munere
361 798 556 834 quamque
578 798 657 821 suo.
716 784 948 833 grandaevis
967 783 1113 832 oppida
1134 795 1247 818 curae

177 852 219 883 et
238 849 392 883 munire
414 846 519 883 favos
541 852 581 883 et
601 846 767 882 daedala
786 845 935 895 fingere
956 849 1073 881 tecta.

177 913 219 944 at
235 909 360 945 fessae
379 908 505 944 multa
526 907 706 944 referunt
726 919 766 943 se
787 912 904 943 nocte
925 909 1108 950 minores,
1290 908 1360 940 180

178 983 288 1006 crura
308 969 447 1019 thymo
469 969 633 1018 plenae;
655 973 870 1018 pascuntur
891 973 932 1004 et
946 968 1084 1004 arbuta
1100 968 1243 1016 passim
1282 977 1361 1001 MPR

178 1037 219 1068 et
238 1031 396 1080 glaucas
416 1031 552 1067 salices
571 1033 790 1079 casiamque
812 1041 1046 1078 crocumque
1067 1028 1278 1064 rubentem

179 1097 220 1129 et
239 1095 429 1142 pinguem
450 1091 576 1127 tiliam
597 1096 637 1127 et
657 1091 904 1140 ferrugineos
924 1089 1168 1140 hyacinthos.

178 1153 359 1189 omnibus
379 1166 456 1189 una
475 1155 585 1201 quies
605 1166 783 1201 operum,
804 1152 914 1188 labor
934 1151 1115 1188 omnibus
1137 1163 1236 1187 unus
1255 1164 1262 1185 :

179 1228 294 1251 inane
317 1219 437 1250 ruunt
456 1216 580 1263 portis
598 1226 607 1258 ;
636 1227 827 1263 nusquam
848 1225 980 1257 mora3
1009 1225 1139 1248 rursus
1160 1211 1318 1247 easdem

180 1275 330 1325 Vesper
351 1275 417 1311 ubi
438 1288 459 1311 e
481 1280 595 1324 pastu
616 1275 780 1311 tandem
803 1274 1000 1311 decedere
1021 1275 1168 1322 campis
1290 1270 1360 1307 186

178 1336 400 1380 admonuit,
422 1342 505 1372 tum
527 1341 633 1372 tecta
654 1341 813 1385 petunt,
835 1341 921 1372 tum
942 1348 1102 1384 corpora
1123 1337 1286 1376 curant3

180 1398 223 1434 fit
243 1401 405 1440 sonitus,
427 1403 681 1446 mussantque
703 1410 788 1432 oras
809 1402 851 1434 et
869 1397 1004 1433 limina
1025 1398 1181 1432 circum.

180 1464 268 1509 post
287 1458 354 1494 ubi
374 1460 450 1494 iam
473 1458 656 1494 thalamis
677 1471 717 1494 se
739 1470 1006 1507 composuere,
1029 1456 1166 1493 siletur

180 1523 218 1556 in
240 1525 412 1563 noctem,
433 1519 633 1568 fessosque
654 1532 769 1568 sopor
789 1532 879 1555 suus
900 1522 1066 1567 occupat
1085 1522 1202 1553 artus.
1290 1521 1361 1560 190

180 1595 254 1617 nec
274 1593 365 1617 vero
385 1594 407 1616 a
427 1579 590 1616 stabulis
612 1579 742 1628 pluvia
764 1578 1024 1629 impendente
1044 1578 1238 1614 recedunt

182 1642 348 1691 longius,
368 1646 436 1677 aut
452 1640 620 1677 credunt
633 1641 740 1676 caelo
754 1639 1062 1676 adventantibus
1075 1638 1201 1682 Euris,

183 1703 252 1738 sed
274 1705 418 1738 circum
440 1707 551 1738 tutae
572 1702 643 1737 sub
664 1701 870 1737 moenibus
890 1701 995 1736 urbis
1014 1704 1209 1749 aquantur

183 1776 446 1812 excursusque
468 1763 596 1798 brevis
617 1766 831 1811 temptant,
852 1766 893 1797 et
913 1773 1029 1810 saepe
1050 1760 1217 1809 lapillos,

184 1830 227 1860 ut
247 1824 412 1860 cumbae
434 1823 636 1859 instabiles
655 1822 776 1858 fluctu
797 1825 969 1859 iactante
990 1822 1202 1864 saburram,
1289 1824 1359 1864 195

184 1885 342 1928 tollunt,
364 1885 422 1920 his
443 1897 527 1920 sese
548 1897 620 1932 per
640 1886 770 1919 inania
791 1883 924 1919 nubila
945 1883 1101 1919 librant.

227 1952 274 1971 1⁷⁰
300 1953 383 1984 lenti
401 1952 466 1984 Fl:
492 1953 581 1983 lente
598 1953 637 1984 P.
838 1949 885 1969 1⁷³
910 1952 1037 1989 Aetna]
1060 1953 1194 1981 autrum
1211 1951 1277 1982 FP.

226 1996 270 2014 ¹⁸⁵
295 2005 478 2033 numquam
496 1995 535 2026 P.
841 1994 884 2012 ¹⁴0⁵
907 1994 990 2024 flatu
1005 1994 1044 2024 P.

185 2055 259 2088 208
