1430 2335
660 85 854 122 VIRGIL

162 175 291 199 ramus
310 161 486 199 humum.
543 165 668 211 tuque
687 174 723 207 o,
743 160 872 198 dubiis
891 173 941 198 ne
961 160 1087 198 defice
1106 162 1235 208 rebus,

161 215 252 252 diva
272 215 451 265 parens.”
508 217 563 251 sic
583 214 723 251 effatus
742 217 910 264 vestigia
928 218 1084 264 pressit,

161 270 387 314 observans,
407 281 506 318 quae
527 271 639 318 signa
657 268 801 313 ferant,
820 282 898 318 quo
917 268 1084 306 tendere
1105 273 1285 318 pergant.

164 328 373 372 pascentes
393 322 484 359 illae
505 327 663 358 tantum
682 322 839 371 prodire
860 321 1041 367 volando,

164 381 359 425 quantum
379 378 462 413 acie
482 380 646 425 possent
665 375 767 412 oculi
787 388 942 412 servare
962 380 1213 426 sequentum.
1263 379 1340 412 200

163 430 259 467 inde
279 431 346 466 ubi
367 442 515 466 venere
534 429 584 465 ad
605 429 739 466 fauces
758 441 877 478 grave
897 429 1041 466 olentis
1061 429 1222 475 Averni,

161 483 312 520 tollunt
331 496 371 520 se
392 483 541 520 celeres
560 482 834 532 liquidumque
852 495 924 532 per
940 487 1031 519 aera
1047 483 1181 532 lapsae

163 537 324 574 sedibus
342 539 489 586 optatis
508 539 668 586 gemina
687 549 805 586 super
823 537 960 573 arbore
983 536 1130 582 sidunt,

163 590 332 627 discolor
350 590 458 627 unde
477 593 560 627 auri
579 603 650 639 per
668 603 795 627 ramos
814 603 907 626 aura
925 589 1091 627 refulsit.

164 644 281 694 quale
301 644 402 682 solet
421 644 527 680 silvis
546 644 714 680 brumali
734 643 880 693 frigore
899 646 1048 680 viscum
1264 647 1338 680 205

162 698 304 734 fronde
323 700 450 735 virere
470 711 584 743 nova,
605 698 709 748 quod
729 711 809 734 non
829 711 897 734 sua
917 700 1088 734 seminat
1107 697 1236 743 arbos,

163 757 206 789 et
226 764 363 788 croceo
382 751 469 789 fetu
488 754 628 788 teretis
648 751 892 788 circumdare
910 756 1071 788 truncos
1088 764 1096 789 :

164 805 254 842 talis
273 811 358 842 erat
378 807 530 855 species
548 807 632 840 auri
651 804 874 841 frondentis
893 818 1014 854 opaca

162 859 265 904 ilice,
285 862 339 895 sic
358 859 440 895 leni
460 859 683 907 crepitabat
701 859 858 895 brattea
876 863 1009 896 vento.

163 915 324 961 corripit
345 912 501 949 Aeneas
522 911 724 961 extemplo
743 912 961 962 avidusque
980 911 1166 959 refringit
1265 914 1341 946 210

162 971 432 1011 cunctantem,
452 971 494 1003 et
513 968 613 1002 vatis
633 970 766 1014 portat
784 966 857 1003 sub
874 970 983 1003 tecta
1002 965 1187 1015 Sibyllae.

217 1020 301 1056 Nec
321 1023 450 1056 minus
469 1022 623 1056 interea
647 1019 844 1056 Misenum
864 1023 903 1056 in
922 1019 1040 1056 litore
1059 1019 1201 1056 Teucri

162 1074 323 1118 flebant,
344 1079 385 1110 et
405 1076 528 1110 cineri
548 1076 704 1122 ingrato
723 1086 906 1122 suprema
925 1073 1118 1111 ferebant.

162 1130 357 1176 principio
377 1130 566 1176 pinguem
588 1127 717 1163 taedis
736 1132 777 1163 et
796 1128 936 1163 robore
956 1132 1065 1163 secto

162 1184 372 1229 ingentem
392 1186 572 1217 struxere
593 1194 741 1229 pyram,
758 1183 821 1217 cui
840 1180 1044 1217 frondibus
1062 1183 1157 1218 atris
1264 1186 1339 1219 215

160 1237 348 1271 intexunt
366 1235 504 1279 latera,
525 1238 567 1270 et
586 1233 717 1270 feralis
737 1239 831 1271 ante
852 1247 1056 1283 cupressos

163 1291 427 1333 constituunt,
447 1288 716 1337 decorantque
737 1300 854 1337 super
873 1287 1122 1336 fulgentibus
1141 1292 1267 1326 armis.

162 1355 249 1390 pars
270 1341 417 1377 calidos
436 1341 575 1377 latices
595 1346 637 1377 et
656 1345 755 1377 aena
774 1341 966 1378 undantia
985 1341 1149 1378 flammis

162 1395 395 1444 expediunt,
412 1407 630 1444 corpusque
646 1394 781 1431 lavant
798 1394 980 1444 frigentis
996 1400 1038 1432 et
1052 1401 1219 1444 ungunt.
1237 1409 1340 1433 FMPR

161 1449 205 1484 fit
225 1452 412 1495 gemitus.
459 1454 544 1485 tum
564 1449 741 1484 membra
761 1453 846 1485 toro
866 1448 1010 1485 defleta
1029 1455 1228 1498 reponunt
1264 1454 1340 1487 220

161 1515 457 1552 purpureasque
477 1514 596 1551 super
615 1504 746 1545 vestis,
768 1501 962 1538 velamina
981 1508 1087 1548 nota,

161 1559 374 1592 coniciunt.
416 1568 503 1604 pars
522 1558 679 1604 ingenti
700 1556 856 1593 subiere
876 1555 1038 1601 feretro,

160 1612 275 1646 triste
297 1611 574 1653 ministerium,
594 1614 637 1646 et
656 1609 874 1646 subiectam
894 1622 1002 1645 more
1024 1615 1232 1659 parentum

161 1666 287 1699 aversi
308 1668 475 1699 tenuere
496 1662 636 1699 facem.
677 1668 867 1711 congesta
887 1668 1113 1700 cremantur

160 1722 273 1753 turea
293 1716 409 1762 dona,
429 1716 564 1765 dapes,
583 1715 670 1752 fuso
689 1722 861 1753 crateres
882 1717 994 1754 olivo.
1263 1722 1338 1754 225

290 1816 335 1834 ²⁰⁰
361 1818 447 1848 acies
465 1815 528 1847 Ml.
553 1815 806 1854 sequentia-Pl.

293 1859 338 1878 ²⁰3
364 1861 518 1898 geminae
538 1860 572 1890 R.

290 1902 336 1920 2²⁴
361 1904 448 1933 faces
464 1901 543 1942 1³7¹.

289 1944 334 1964 ²²⁵
360 1946 474 1986 dapes]
492 1947 604 1977 ferunt
621 1943 684 1976 Pl:
704 1945 815 1977 ferent
832 1945 877 1977 ΡΞ
896 1958 901 1978 z
920 1947 1004 1987 dape
1020 1948 1134 1979 ferunt
1149 1961 1180 1988 γ.

160 2025 237 2058 520
