1430 2335
648 83 842 121 VIRGIL

152 160 375 197 Dardaniae
395 162 580 209 cingique
600 160 741 197 urbem
761 158 966 196 obsidione
986 156 1152 194 videret.

151 226 230 269 ille,
251 230 295 262 ut
314 238 408 275 opes
432 224 578 262 fractae
600 224 801 261 Teucrum
824 229 866 261 et
889 223 1063 259 Fortuna
1082 222 1258 265 recessit,

151 303 213 327 res
230 290 567 339 Agamemnonias
587 291 848 338 victriciaque
869 301 977 324 arma
997 291 1156 324 secutus

151 353 208 389 fas
226 366 342 390 omne
363 353 587 402 abrumpit3
610 352 848 401 Polydorum
868 352 1081 387 obtruncat
1101 355 1144 387 et
1163 362 1256 385 auro
1277 360 1330 384 MP

150 421 187 454 vi
207 420 367 468 potitur.
425 417 520 467 quid
541 431 620 454 non
640 415 820 453 mortalia
840 421 1003 465 pectora
1023 417 1145 465 cogiS,
1281 411 1329 450 56

150 486 234 519 auri
254 496 361 519 sacra
382 481 526 519 fames!
585 487 794 531 postquam
814 493 934 529 pavor
954 493 1040 516 ossa
1059 479 1233 528 reliquit,

150 547 328 584 delectos
348 546 486 596 populi
506 546 555 581 ad
577 558 759 595 proceres
781 547 1031 594 primumque
1052 549 1260 593 parentem

149 617 325 649 monstra
345 611 465 648 deum
485 610 615 648 refero
636 615 689 655 et,
711 624 811 661 quae
832 613 883 647 sit
903 612 1117 654 sententia,
1139 622 1265 658 posco.

149 678 331 714 omnibus
351 676 456 713 idem
476 679 643 719 animus,
665 675 858 712 scelerata
878 674 1071 712 excedere
1092 678 1207 717 terra,
1281 672 1329 710 60

149 742 275 792 linqui
295 741 492 791 pollutum
512 740 730 789 hospitium
751 745 792 777 et
813 741 908 777 dare
930 739 1118 776 classibus
1137 739 1315 775 Austros.

149 820 245 856 ergo
263 809 527 843 instauramus
551 805 746 855 Polydoro
766 805 897 851 funus,
919 811 960 843 et
979 808 1120 854 ingens

149 876 355 923 aggeritur
374 871 530 908 tumulo
550 871 692 915 tellus;
724 877 832 908 stant
856 871 1039 907 Manibus
1060 883 1164 917 arae,

149 937 339 974 caeruleis
359 941 534 973 maestae
556 938 665 972 vittis
686 941 850 986 atraque
873 948 1069 985 cupresso,

150 1008 191 1040 et
211 1005 358 1039 circum
381 1001 526 1037 Iliades
548 1004 697 1038 crinem
719 1001 769 1038 de
790 1014 898 1038 more
920 1000 1094 1044 solutae3
1281 997 1330 1036 65

149 1067 358 1104 inferimus
380 1065 518 1114 tepido
540 1069 766 1114 spumantia
786 1066 941 1115 cymbia
961 1065 1066 1102 lacte

149 1133 352 1181 sanguinis
373 1135 413 1166 et
435 1132 533 1166 sacri
555 1135 724 1178 pateras,
745 1132 997 1180 animamque
1018 1128 1228 1179 sepulchro

149 1196 355 1233 condimus
376 1199 418 1231 et
440 1208 581 1243 magna
603 1207 831 1244 supremum
853 1208 947 1231 voce
968 1197 1126 1232 ciemus.

148 1261 243 1297 inde
264 1261 329 1296 ubi
353 1261 477 1309 prima
498 1258 593 1295 fides
614 1259 770 1308 pelago,
790 1259 1025 1309 placataque
1046 1261 1157 1295 venti

149 1327 248 1362 dant
264 1326 384 1360 maria
401 1328 442 1360 et
456 1323 557 1360 lenis
571 1326 770 1372 crepitans
783 1328 897 1360 vocat
914 1324 1059 1360 Auster
1072 1325 1113 1359 in
1127 1323 1265 1369 altum,
1283 1325 1331 1362 ΤΟ

149 1389 356 1426 deducunt
377 1390 470 1424 socii
495 1390 604 1424 navis
626 1393 667 1424 et
687 1387 803 1424 litora
824 1387 1037 1437 complent.

149 1452 405 1504 provehimur
425 1456 555 1500 portu,
575 1457 785 1502 terraeque
808 1453 1001 1501 urbesque
1021 1452 1226 1490 recedunt.

203 1522 225 1539 “
240 1518 356 1554 Sacra
376 1519 473 1552 mari
494 1516 635 1553 colitur
654 1516 786 1553 medio
806 1519 1027 1566 gratissima
1047 1516 1166 1553 tellus

151 1582 369 1620 Nereidum
389 1584 505 1617 matri
526 1586 568 1618 et
588 1581 779 1631 Neptuno
801 1583 975 1630 Aegaeo,

150 1660 267 1698 quain
287 1649 374 1695 pius
394 1646 667 1695 Arquitenens
687 1659 771 1682 oras
792 1651 833 1683 et
851 1646 968 1683 litora
988 1648 1134 1682 circuni
1283 1647 1330 1684 75

151 1716 351 1749 errantem
378 1710 547 1758 Mycono
569 1723 589 1747 e
610 1710 714 1747 celsa
737 1711 949 1761 Gyaroque
970 1713 1156 1756 revinxit,

150 1779 434 1824 immotamque
451 1773 525 1810 coli
546 1774 660 1811 dedit
681 1780 723 1812 et
743 1780 1001 1811 contemnere
1023 1780 1173 1812 ventos.

151 1842 228 1878 huc
248 1840 352 1876 feror
370 1852 378 1883 ;
407 1838 505 1875 haec
527 1838 650 1876 fessos
671 1844 760 1876 tuto
780 1839 1047 1889 placidissima
1065 1844 1183 1888 portu

151 1907 307 1954 accipit.
365 1906 512 1953 egressi
533 1917 769 1942 veneramur
788 1903 985 1953 Apollinis
1004 1904 1153 1941 urbem.
1256 1917 1332 1941 FMP

507 1966 534 1985 ⁷³²
558 1968 649 2008 prius
667 1967 781 1999 known
800 1973 829 1999 to
845 1968 986 2000 Servius.

153 2028 228 2064 352
