1430 2335
661 96 852 134 VIRGIL

168 173 338 222 agricola
359 173 519 207 incurvo
540 176 686 208 terram
706 172 873 209 dimovit
893 179 1022 209 aratro
1040 188 1048 211 :

168 222 260 263 hinc
280 227 374 261 anni
393 224 516 269 labor,
536 224 629 260 hinc
648 228 817 274 patriam
836 239 1052 276 parvosque
1073 233 1239 277 nepotes

168 282 349 320 sustinet,
362 277 454 313 hinc
469 283 648 314 armenta
663 279 782 314 boum
797 282 1038 329 meritosque
1054 283 1249 318 iuvencos,
1265 287 1339 319 515

168 346 242 368 nec
257 333 425 380 requies,
444 333 538 380 quin
557 336 625 366 aut
643 334 770 380 pomis
784 333 976 369 exuberet
993 347 1119 370 annus

167 391 236 421 aut
257 384 341 420 fetu
362 396 548 433 pecorum
568 388 637 420 aut
657 384 828 421 Cerealis
847 389 1016 435 mergite
1037 387 1170 433 culmi,

168 443 442 487 proventuque
463 442 601 473 oneret
620 437 745 474 sulcos
764 443 883 487 atque
902 439 1041 475 horrea
1063 443 1204 478 vincat.

167 494 275 527 venit
297 490 423 526 hiems
441 505 448 527 :
478 492 620 526 teritur
639 490 821 539 Sicyonia
840 492 935 528 baca
952 496 1131 542 trapetis,

167 544 313 593 glande
334 556 422 580 sues
440 543 535 579 laeti
555 543 738 590 redeunt,
759 544 857 580 dant
875 545 1015 581 arbuta
1038 546 1180 590 silvae3
1265 552 1341 584 5⁶20

168 603 209 633 et
229 600 353 633 varios
372 600 484 646 ponit
504 596 608 632 fetus
627 602 854 643 autumnus,
873 603 915 634 et
932 598 1013 635 alte

168 653 275 686 mitis
294 652 335 685 in
354 652 494 699 apricis
514 653 694 698 coquitur
712 651 910 687 vindemia
930 656 1040 691 saxis.

166 706 318 738 interca
338 702 472 739 dulces
494 703 675 751 pendent
695 706 842 739 circum
864 705 995 741 oscula
1014 709 1112 752 nati,

168 761 273 792 casta
294 757 524 805 pudicitiam
546 761 676 792 servat
696 756 848 801 domus,
867 759 990 794 ubera
1009 772 1148 796 vaccae

168 810 294 845 lactea
312 809 546 853 demittunt,
566 811 812 858 pinguesque
832 813 872 846 in
893 815 1070 860 gramine
1090 813 1194 849 laeto
1265 817 1339 849 525

166 866 271 899 inter
290 875 331 898 se
351 863 523 898 adversis
543 862 745 898 luctantur
764 864 945 900 cornibus
964 864 1091 901 haedi.

167 918 250 964 ipse
271 915 356 951 dies
374 918 500 964 agitat
520 915 641 952 festos
660 915 845 965 fususque
865 930 937 966 per
954 917 1130 963 herbam,

166 971 268 1017 ignis
287 969 353 1003 ubi
374 970 413 1003 in
433 968 565 1004 medio
587 974 627 1004 et
648 972 739 1005 socii
757 975 907 1006 cratera
927 977 1131 1017 coronant,

167 1027 206 1056 te
228 1022 366 1064 libans,
387 1021 559 1065 Lenaee,
581 1027 693 1058 vocat
714 1026 943 1073 pecorisque
963 1027 1160 1073 magisiris

166 1075 310 1111 velocis
330 1075 444 1111 iaculi
464 1078 679 1111 certamina
697 1079 810 1124 ponit
828 1079 867 1112 in
889 1077 1007 1121 ulmo,
1266 1084 1341 1116 530

167 1140 408 1176 corporaque
427 1131 573 1176 agresti
594 1129 750 1165 nudant
770 1130 965 1177 praedura
985 1131 1216 1179 palaestrae.

166 1180 267 1216 hanc
287 1181 379 1216 011111
401 1186 555 1217 veteres
577 1184 698 1217 vitam
718 1182 875 1219 coluere
896 1183 1044 1228 Sabini,

166 1234 268 1270 hanc
291 1234 435 1270 Remus
456 1239 496 1269 et
517 1233 650 1279 frater,
670 1238 723 1271 sic
743 1235 854 1271 fortis
874 1236 1030 1272 Etruria
1050 1241 1173 1275 crevit

167 1287 318 1323 scilicet
340 1292 379 1322 et
401 1300 530 1323 reium
552 1287 656 1324 facta
677 1294 739 1325 est
757 1288 1025 1337 pulcherrima
1047 1291 1181 1338 Roma,

165 1346 398 1388 septemque
418 1353 495 1375 una
516 1341 588 1376 sibi
608 1354 720 1377 muro
740 1342 1001 1378 circumdedit
1021 1357 1138 1381 arces.
1233 1359 1340 1383 MPRV

165 1398 258 1428 ante
280 1396 397 1429 ctiam
419 1398 618 1442 sceptrum
642 1394 798 1432 Dictaei
819 1398 921 1444 regis
942 1401 983 1431 et
1000 1402 1094 1434 ante
1265 1399 1340 1436 536

164 1449 284 1495 impia
304 1459 421 1495 quam
441 1449 562 1482 caesis
582 1460 680 1494 gens
701 1453 761 1484 est
782 1449 942 1497 epulata
961 1451 1148 1496 iuvencis,

164 1513 306 1535 aureus
327 1499 428 1535 hanc
449 1502 569 1535 vitam
590 1503 630 1536 in
651 1504 764 1537 terris
784 1500 976 1538 Saturnus
995 1505 1162 1551 agebat3

166 1553 335 1589 necdum
358 1555 479 1588 etiam
499 1553 708 1590 audierant
727 1554 851 1590 inflari
872 1555 1042 1600 classica,
1064 1558 1232 1596 necdum

165 1608 369 1653 impositos
389 1606 496 1642 duris
517 1610 709 1655 crepitare
729 1608 938 1645 incudibus
957 1612 1072 1647 ensis.
1263 1617 1338 1649 540

219 1659 297 1695 Sed
318 1672 388 1694 nos
408 1662 645 1696 immensum
663 1664 800 1709 spatiis
813 1661 1053 1699 confecimus
1073 1677 1231 1713 aequor,

167 1717 207 1747 et
230 1715 306 1748 iam
328 1717 484 1761 tempus
506 1726 652 1762 equum
673 1715 865 1751 fumantia
885 1715 1036 1753 solvere
1057 1717 1165 1753 colla.

250 1818 296 1837 ⁵¹³
321 1821 460 1851 molitus
477 1822 523 1852 Jl.

251 1860 298 1880 ³¹⁴²
322 1866 460 1900 penates
477 1864 523 1894 M.
833 1863 880 1882 ⁵¹⁸
904 1868 962 1895 aut
978 1865 1039 1897 Ml.

249 1903 295 1922 ⁵³1
320 1906 463 1945 perdura
481 1905 545 1937 Ml.
578 1907 744 1944 palaestra
760 1907 827 1937 PR.
842 1907 982 1946 &rrius5
1000 1909 1102 1940 Bet-ne
1117 1909 1256 1944 Scholia.

251 1946 297 1965 ⁵⁷⁵²
322 1948 428 1978 vitam
446 1951 578 1979 veteres
593 1950 631 1980 P.

251 1989 297 2008 ⁵⁴²
323 1992 516 2028 spumantia
532 1991 602 2022 PR.

166 2056 237 2087 152

1422 0 1430 148 ‚awo-

1426 692 1430 826 -.-..-.-.
1427 670 1430 679 a
1423 210 1430 652 „-—-.„..-.„.-.--·-.-v³‹-.—-...⁴,
1422 150 1430 192 -ι-
