1430 2335
662 96 854 132 VIRGIL

172 175 390 212 Centauros
410 174 492 211 leto
511 173 677 218 domuit,
695 173 972 223 Rhoetumque
996 172 1239 222 Pholumque

172 234 213 265 et
232 241 376 276 magno
400 227 599 277 Hylaeum
620 227 800 275 Lapithis
819 232 969 263 cratere
988 229 1220 263 minantem.

226 282 261 318 O
282 281 505 318 fortunatos
525 283 704 325 nimium,
724 293 792 316 sua
812 283 843 316 si
864 281 966 316 bona
986 282 1132 325 norint,

171 334 383 383 agricolas!
415 335 556 383 quibus
575 336 671 383 ipsa,
691 333 826 382 procul
849 333 1093 370 discordibus
1113 335 1242 378 armis,

172 388 305 424 fundit
325 388 444 424 humo
464 387 623 423 facilem
643 389 791 423 victum
806 389 1018 423 iustissima
1039 386 1168 423 tellus.
1273 387 1346 423 460

171 444 202 478 si
223 455 303 477 non
324 444 531 490 ingentem
547 440 694 476 foribus
714 440 853 476 domus
872 440 951 476 alta
970 441 1149 489 superbis

170 508 288 531 mane
309 495 552 531 salutantum
572 496 667 530 totis
687 496 810 529 vomit
829 493 991 530 aedibus
1013 493 1170 538 undam,

171 561 245 585 nec
267 551 391 584 varios
411 547 567 583 inhiant
586 546 750 596 pulchra
769 547 972 583 testudine
992 550 1113 595 postis

171 601 397 651 inlusasque
418 614 511 637 auro
530 603 650 637 vestis
670 600 948 649 Ephyreiaque
968 613 1069 646 aera,

171 655 259 691 alba
279 667 409 704 neque
432 656 592 703 Assyrio
612 653 768 690 fucatur
784 654 872 689 lana
891 666 1059 699 veneno,
1274 655 1346 693 465

172 721 246 745 nec
267 711 368 744 casia
388 708 526 757 liquidi
546 710 808 756 corrumpitur
829 720 920 744 usus
939 707 1029 743 olivi
1048 720 1056 744 :

172 767 213 798 at
233 775 367 798 secura
388 764 499 811 quies
520 766 562 798 et
580 763 714 797 nescia
733 760 871 797 fallere
891 763 984 806 vita,

173 815 282 852 dives
301 828 420 864 opum
440 817 644 859 variarum,
663 819 705 851 at
724 813 812 850 latis
833 816 912 850 otia
932 813 1065 850 fundis

174 868 402 919 (speluncae
422 871 578 917 vivique
599 867 705 904 lacus
726 872 768 904 et
788 867 930 916 frigida
949 867 1100 916 Tempe

172 925 427 971 mugitusque
447 922 565 957 boum
585 921 802 970 mollesque
823 921 895 957 sub
915 921 1052 957 arbore
1072 922 1214 971 somni)
1272 922 1345 960 470

173 989 253 1012 non
272 976 417 1012 absunt
434 987 443 1018 ;
469 975 548 1010 illic
569 974 691 1011 saltus
710 987 754 1010 ac
774 974 897 1010 lustra
916 973 1101 1020 ferarum,

174 1034 215 1066 et
235 1031 390 1077 patiens
410 1041 571 1077 operum
593 1031 816 1077 exiguoque
836 1027 1000 1064 adsueta
1019 1030 1217 1074 iuventus,

173 1095 279 1118 sacra
301 1082 420 1118 deum
441 1084 646 1130 sanctique
667 1086 824 1130 patres:
855 1086 1031 1117 extrema
1051 1094 1122 1131 per
1140 1081 1226 1118 illos

176 1136 333 1172 Iustitia
354 1135 553 1172 excedens
573 1138 687 1171 terris
710 1137 875 1183 vestigia
896 1134 1002 1171 fecit.

229 1190 296 1226 Me
319 1202 410 1225 vero
430 1191 599 1237 primum
620 1188 756 1224 dulces
777 1193 870 1224 ante
890 1190 1021 1223 onmia
1043 1188 1193 1234 Musae,
1277 1188 1348 1226 475

175 1256 337 1292 quarum
361 1255 466 1278 sacra
487 1241 571 1278 fero
591 1244 746 1290 ingenti
766 1254 973 1290 percussus
993 1254 1137 1287 amore,

175 1299 371 1344 accipiant
392 1295 568 1344 caelique
589 1297 669 1331 vias
691 1300 732 1331 et
752 1294 879 1331 sidera
899 1300 1135 1340 monstrent,

175 1349 357 1385 desectus
379 1349 468 1385 solis
490 1351 613 1384 varios
632 1348 829 1397 lunaeque
849 1348 1002 1384 labores
1019 1360 1028 1392 ;

176 1402 282 1438 unde
303 1408 450 1439 tremor
470 1405 597 1447 terris,
617 1415 694 1451 qua
713 1404 750 1437 vi
770 1404 890 1437 maria
909 1402 989 1438 alta
1008 1407 1232 1439 tumescant

175 1456 352 1492 obicibus
372 1458 498 1504 ruptis
519 1468 727 1504 rursusque
748 1458 789 1490 in
810 1468 851 1491 se
872 1458 954 1503 ipsa
974 1455 1162 1499 residant,
1277 1456 1350 1493 480

176 1509 270 1558 quid
292 1514 448 1545 tantum
470 1508 631 1545 Oceano
652 1513 868 1557 properent
887 1521 928 1545 se
948 1510 1133 1557 tinguere
1154 1509 1254 1545 soles

176 1563 345 1607 hiberni,
365 1562 428 1599 vel
450 1575 549 1610 quae
570 1561 692 1598 tardis
712 1575 820 1597 mora
839 1562 1021 1598 noctibus
1043 1562 1186 1598 obstet.

177 1619 250 1661 sin,
271 1615 340 1652 has
360 1629 411 1652 ne
432 1618 577 1664 possim
598 1620 762 1651 naturae
783 1614 973 1651 accedere
994 1618 1129 1663 partis,

177 1669 343 1717 frigidus
364 1670 564 1705 obstiterit
584 1671 729 1704 circum
749 1668 977 1717 praecordia
996 1671 1167 1717 sanguis,

178 1735 266 1758 rura
285 1722 382 1758 mihi
403 1727 444 1758 et
464 1724 565 1770 rigui
585 1721 769 1771 placeant
788 1725 830 1757 in
849 1721 1015 1758 vallibus
1034 1735 1181 1767 amnes,
1278 1723 1349 1761 485

263 1831 307 1849 4⁶4
325 1831 473 1862 inclusas
492 1831 619 1870 1111PR‚
640 1833 744 1863 Bcrne
760 1832 911 1870 Sclzolz'a;
934 1832 1049 1863 known
1067 1835 1097 1863 to
1112 1833 1254 1863 Servius.

265 1874 308 1892 *³⁰⁷
326 1875 433 1905 vitam
452 1875 518 1905 l’lss.

265 1917 308 1935 ¹¹⁶⁹
327 1921 361 1948 et
379 1918 435 1947 JI:
460 1924 494 1947 at
514 1917 560 1947 I’:
584 1916 626 1948 ad
643 1918 682 1948 R.

264 1959 308 1978 4⁷⁶
326 1959 503 2001 perculsus
520 1961 553 1989 ill
565 1959 587 1991 ².

182 2052 251 2088 148
