1430 2335
635 105 827 142 VIRGIL

140 182 272 231 Epiro,
294 181 503 230 Hesperia,
523 180 664 230 quibus
683 180 790 217 idem
811 180 1019 218 Dardanus
1038 185 1175 218 auctor

138 240 258 284 atque
278 234 385 271 idem
405 247 528 278 casus,
549 247 668 270 unam
688 234 876 271 faciemus
897 239 1102 285 utramque

139 288 295 325 Troiam
315 291 477 332 animis;
500 292 659 324 maneat
678 292 830 324 nostros
844 300 890 324 ea
910 300 1000 324 cura
1015 287 1207 337 nepotes.’
1240 291 1313 323 505

193 346 218 362 “
235 341 490 377 Provehimur
509 341 651 390 pelago
670 343 797 377 vicina
815 341 1006 378 Ceraunia
1025 344 1146 385 iuxta,

141 394 246 431 unde
264 397 343 432 iter
355 394 511 431 Italiam
532 406 743 443 cursusque
762 394 1011 431 brevissimus
1029 394 1155 431 undis.

140 449 197 485 sol
217 450 296 484 ruit
313 450 466 484 interea
487 452 528 484 et
546 452 701 484 montes
720 447 954 484 umbrantur
970 450 1093 497 opaci.

141 504 353 539 sternimur
373 506 533 550 optatae
553 503 705 550 gremio
727 500 878 538 telluris
905 501 954 537 ad
974 501 1135 547 undam,

142 558 271 592 sortiti
290 568 430 599 remos,
452 557 675 604 passimque
695 557 736 590 in
755 554 871 591 litore
891 557 992 591 sicco
1243 557 1318 589 510

142 621 304 658 corpora
322 619 522 650 curamus;
552 607 674 644 fessos
693 620 808 656 sopor
825 610 971 657 inrigat
988 612 1105 644 artus.

143 662 316 699 necdum
334 663 470 698 orbem
490 661 666 697 medium
687 660 775 697 Nox
801 661 920 697 Horis
938 666 1024 697 acta
1043 661 1220 698 subibat:

143 715 251 751 haud
271 717 401 763 segnis
420 719 543 750 strato
563 717 688 763 surgit
708 714 911 751 Palinurus
931 719 972 751 et
990 717 1118 751 omnis

144 769 326 817 explorat
346 773 485 804 ventos
505 772 625 817 atque
645 768 804 803 auribus
823 771 913 804 aera
933 772 1091 816 captat3

144 822 272 858 sidera
292 826 434 858 cuncta
449 826 563 858 notat
583 823 704 857 tacito
724 820 900 857 labentia
920 821 1040 866 caelo,
1245 823 1319 856 515

146 876 359 911 Arcturum
381 875 610 924 pluviasque
632 874 795 922 Hyadas
815 876 1072 924 geminosque
1091 873 1269 918 Triones,

146 933 418 978 armatumque
438 941 531 964 auro
552 929 817 976 circumspicit
836 928 995 964 Oriona.

145 988 354 1032 postquam
375 986 518 1018 cuncta
538 980 647 1017 videt
667 981 776 1017 caelo
796 986 974 1017 constare
995 992 1147 1025 sereno,

146 1037 216 1072 dat
236 1036 383 1071 clarum
405 1049 426 1071 e
448 1037 569 1084 puppi
591 1037 748 1083 signum
766 1047 774 1078 3
803 1047 874 1070 nos
894 1038 1021 1070 castra
1040 1045 1243 1070 movemus

146 1093 464 1137 temptamusque
484 1090 586 1123 viam
606 1092 647 1124 et
667 1088 842 1124 velorum
861 1087 1069 1136 pandimus
1087 1087 1177 1123 alas.
1249 1089 1324 1122 520

146 1145 302 1191 iamque
323 1141 556 1178 rubescebat
575 1140 699 1177 stellis
718 1141 870 1177 Aurora
888 1140 1049 1190 fugatis,

148 1209 236 1231 cum
256 1195 393 1243 procul
413 1195 597 1230 obscuros
617 1194 726 1230 collis
745 1193 1016 1243 humilemque
1035 1192 1215 1229 videmus

150 1248 314 1284 Italiam.
374 1247 530 1284 Italiam
550 1250 699 1296 primus
719 1247 938 1284 conclamat
958 1246 1148 1292 Achates,

150 1302 305 1337 Italiam
327 1301 431 1337 laeto
451 1302 544 1336 socii
561 1300 730 1337 clamore
751 1300 938 1336 salutant.

149 1360 235 1390 tum
256 1359 368 1402 pater
390 1353 580 1389 Anchises
599 1367 786 1403 magnum
806 1359 955 1390 cratera
975 1365 1117 1389 corona
1252 1355 1326 1389 525

148 1408 280 1444 induit
298 1408 559 1456 implevitque
579 1419 687 1443 mero
705 1407 895 1456 divosque
914 1408 1068 1443 vocavit

149 1467 257 1498 stans
276 1460 380 1497 celsa
401 1463 441 1496 in
460 1462 608 1509 puppi:

153 1518 163 1535 ‘
176 1515 217 1550 di
237 1517 353 1550 maris
373 1519 415 1550 et
433 1518 562 1550 terrae
582 1518 948 1562 tempestatumque
968 1516 1168 1562 potentes,

151 1567 255 1604 ferte
274 1570 378 1603 viam
397 1571 518 1604 vento
538 1566 693 1603 facilem
713 1571 755 1603 et
775 1569 919 1615 spirate
935 1565 1096 1602 secundi
1113 1566 1118 1600 ἔ
1138 1565 1144 1576 ’
1253 1568 1328 1606 529

152 1622 408 1658 crebrescunt
426 1624 585 1669 optatae
606 1633 733 1665 aurae,
755 1625 970 1668 portusque
992 1621 1160 1667 patescit
1259 1616 1329 1668 [MP

152 1678 228 1710 iam
261 1676 430 1723 propior,
450 1673 724 1722 templumque
743 1678 908 1721 apparet
927 1675 966 1707 in
989 1673 1089 1708 Arce
1112 1672 1326 1708 Minervae.

154 1727 241 1764 vela
262 1728 403 1776 legunt
423 1729 515 1762 socii
537 1731 578 1762 et
598 1738 729 1775 proras
749 1726 798 1761 ad
820 1726 933 1761 litora
955 1730 1153 1774 torquent.

239 1833 283 1853 ⁵⁰³
309 1834 505 1873 Hesperiam
524 1831 606 1865 (ΗΠι
623 1844 629 1865 ;
654 1833 816 1871 Hesperia
830 1833 871 1869 P,
890 1833 1031 1865 Servius.

242 1877 284 1895 ⁵⁰⁴
308 1878 472 1907 faciamus
491 1876 528 1907 G.

241 1919 282 1938 ⁵¹⁶
307 1919 453 1958 pluvias]
469 1919 599 1957 pliadas
615 1916 663 1958 7¹,
681 1918 877 1949 Macrobius.

241 1960 285 1981 ⁵²⁷
311 1962 413 2001 celsa]
429 1962 537 2003 prima
555 1962 606 2001 (ἔγ
623 1961 675 2001 (in
691 1961 838 2001 margin)
856 1971 862 1992 :
887 1961 969 1992 -ima
986 1958 1051 1992 Pl:
1077 1960 1158 1993 -elsa
1174 1958 1229 1992 1³².

157 2052 233 2086 382
