<?xml version="1.0" encoding="UTF-8"?>
<!DOCTYPE html PUBLIC "-//W3C//DTD XHTML 1.0 Transitional//EN"
    "http://www.w3.org/TR/xhtml1/DTD/xhtml1-transitional.dtd">
<html xmlns="http://www.w3.org/1999/xhtml" xml:lang="en" lang="en">
 <head>
  <title>
</title>
<meta http-equiv="Content-Type" content="text/html;charset=utf-8" />
  <meta name='ocr-system' content='tesseract 3.04.00' />
  <meta name='ocr-capabilities' content='ocr_page ocr_carea ocr_par ocr_line ocrx_word'/>
</head>
<body>
  <div class='ocr_page' id='page_1' title='image "./virgilwithenglis01virg_0030.png"; bbox 0 0 1430 2335; ppageno 0'>
   <div class='ocr_carea' id='block_1_1' title="bbox 668 68 860 106">
    <p class='ocr_par' dir='ltr' id='par_1_1' title="bbox 668 68 860 106">
     <span class='ocr_line' id='line_1_1' title="bbox 668 68 860 106; baseline 0.005 -1"><span class='ocrx_word' id='word_1_1' title='bbox 668 68 860 106; x_wconf 90' lang='lat' dir='ltr'>VIRGIL</span> 
     </span>
    </p>
   </div>
   <div class='ocr_carea' id='block_1_2' title="bbox 674 205 843 229">
    <p class='ocr_par' dir='ltr' id='par_1_2' title="bbox 674 205 843 229">
     <span class='ocr_line' id='line_1_2' title="bbox 674 205 843 229; baseline 0 0"><span class='ocrx_word' id='word_1_2' title='bbox 674 205 843 229; x_wconf 76' lang='lat' dir='ltr'>TITYRUS</span> 
     </span>
    </p>
   </div>
   <div class='ocr_carea' id='block_1_3' title="bbox 176 267 1218 530">
    <p class='ocr_par' dir='ltr' id='par_1_3' title="bbox 176 267 1218 370">
     <span class='ocr_line' id='line_1_3' title="bbox 177 267 1218 316; baseline 0 -11"><span class='ocrx_word' id='word_1_3' title='bbox 177 269 283 315; x_wconf 82' lang='lat' dir='ltr'>Quid</span> <span class='ocrx_word' id='word_1_4' title='bbox 306 268 503 304; x_wconf 86' lang='lat' dir='ltr'>facerem?</span> <span class='ocrx_word' id='word_1_5' title='bbox 531 280 662 316; x_wconf 85' lang='lat' dir='ltr'>neque</span> <span class='ocrx_word' id='word_1_6' title='bbox 682 269 842 304; x_wconf 81' lang='lat' dir='ltr'>servitio</span> <span class='ocrx_word' id='word_1_7' title='bbox 860 280 924 304; x_wconf 90' lang='lat' dir='ltr'>me</span> <span class='ocrx_word' id='word_1_8' title='bbox 945 269 1053 304; x_wconf 84' lang='lat' dir='ltr'>exire</span> <span class='ocrx_word' id='word_1_9' title='bbox 1073 267 1218 305; x_wconf 77' lang='lat' dir='ltr'>licebat</span> 
     </span>
     <span class='ocr_line' id='line_1_4' title="bbox 176 321 1099 370; baseline -0.001 -12"><span class='ocrx_word' id='word_1_10' title='bbox 176 336 250 358; x_wconf 83' lang='lat' dir='ltr'>nec</span> <span class='ocrx_word' id='word_1_11' title='bbox 268 328 348 358; x_wconf 70' lang='lat' dir='ltr'>tam</span> <span class='ocrx_word' id='word_1_12' title='bbox 368 324 587 370; x_wconf 81' lang='lat' dir='ltr'>praesentis</span> <span class='ocrx_word' id='word_1_13' title='bbox 606 321 699 356; x_wconf 86' lang='lat' dir='ltr'>alibi</span> <span class='ocrx_word' id='word_1_14' title='bbox 720 334 959 369; x_wconf 82' lang='lat' dir='ltr'><strong>cognoscere</strong></span> <span class='ocrx_word' id='word_1_15' title='bbox 980 321 1099 358; x_wconf 82' lang='lat' dir='ltr'>divos.</span> 
     </span>
    </p>

    <p class='ocr_par' dir='ltr' id='par_1_4' title="bbox 178 374 1147 465">
     <span class='ocr_line' id='line_1_5' title="bbox 178 374 1147 424; baseline 0 -13"><span class='ocrx_word' id='word_1_16' title='bbox 178 376 241 411; x_wconf 86' lang='lat' dir='ltr'>hic</span> <span class='ocrx_word' id='word_1_17' title='bbox 257 376 367 411; x_wconf 88' lang='lat' dir='ltr'>illum</span> <span class='ocrx_word' id='word_1_18' title='bbox 385 375 462 410; x_wconf 84' lang='lat' dir='ltr'>vidi</span> <span class='ocrx_word' id='word_1_19' title='bbox 483 377 680 419; x_wconf 81' lang='lat' dir='ltr'>iuvenem,</span> <span class='ocrx_word' id='word_1_20' title='bbox 702 374 916 418; x_wconf 84' lang='lat' dir='ltr'>Meliboee,</span> <span class='ocrx_word' id='word_1_21' title='bbox 936 377 1147 424; x_wconf 77' lang='lat' dir='ltr'>quotannis</span> 
     </span>
     <span class='ocr_line' id='line_1_6' title="bbox 178 427 1050 465; baseline 0 -1"><span class='ocrx_word' id='word_1_22' title='bbox 178 430 236 465; x_wconf 82' lang='lat' dir='ltr'>bis</span> <span class='ocrx_word' id='word_1_23' title='bbox 257 441 369 464; x_wconf 86' lang='lat' dir='ltr'>senos</span> <span class='ocrx_word' id='word_1_24' title='bbox 391 430 451 464; x_wconf 87' lang='lat' dir='ltr'>cui</span> <span class='ocrx_word' id='word_1_25' title='bbox 472 433 604 463; x_wconf 75' lang='lat' dir='ltr'>nostra</span> <span class='ocrx_word' id='word_1_26' title='bbox 623 428 708 463; x_wconf 86' lang='lat' dir='ltr'>dies</span> <span class='ocrx_word' id='word_1_27' title='bbox 727 427 864 463; x_wconf 83' lang='lat' dir='ltr'>altaria</span> <span class='ocrx_word' id='word_1_28' title='bbox 884 427 1050 464; x_wconf 80' lang='lat' dir='ltr'>fumant.</span> 
     </span>
    </p>

    <p class='ocr_par' dir='ltr' id='par_1_5' title="bbox 178 480 1201 530">
     <span class='ocr_line' id='line_1_7' title="bbox 178 480 1201 530; baseline -0.001 -12"><span class='ocrx_word' id='word_1_29' title='bbox 178 482 242 518; x_wconf 91' lang='lat' dir='ltr'>hic</span> <span class='ocrx_word' id='word_1_30' title='bbox 263 481 358 517; x_wconf 88' lang='lat' dir='ltr'>mibi</span> <span class='ocrx_word' id='word_1_31' title='bbox 379 494 611 530; x_wconf 86' lang='lat' dir='ltr'>responsum</span> <span class='ocrx_word' id='word_1_32' title='bbox 633 484 782 529; x_wconf 85' lang='lat' dir='ltr'>primus</span> <span class='ocrx_word' id='word_1_33' title='bbox 802 480 916 517; x_wconf 79' lang='lat' dir='ltr'>dedit</span> <span class='ocrx_word' id='word_1_34' title='bbox 935 481 1002 517; x_wconf 89' lang='lat' dir='ltr'>ille</span> <span class='ocrx_word' id='word_1_35' title='bbox 1023 483 1201 530; x_wconf 67' lang='lat' dir='ltr'>petenti:</span> 
     </span>
    </p>
   </div>
   <div class='ocr_carea' id='block_1_4' title="bbox 1299 272 1351 304">
    <p class='ocr_par' dir='ltr' id='par_1_6' title="bbox 1299 272 1351 304">
     <span class='ocr_line' id='line_1_8' title="bbox 1299 272 1351 304; baseline 0 0"><span class='ocrx_word' id='word_1_36' title='bbox 1299 272 1351 304; x_wconf 84' lang='lat'>40</span> 
     </span>
    </p>
   </div>
   <div class='ocr_carea' id='block_1_5' title="bbox 177 534 1324 584">
    <p class='ocr_par' dir='ltr' id='par_1_7' title="bbox 177 534 1324 584">
     <span class='ocr_line' id='line_1_9' title="bbox 177 534 1324 584; baseline 0.001 -13"><span class='ocrx_word' id='word_1_37' title='bbox 177 539 203 556; x_wconf 87' lang='lat'><em>“</em></span> <span class='ocrx_word' id='word_1_38' title='bbox 218 537 379 584; x_wconf 82' lang='lat' dir='ltr'>pascite,</span> <span class='ocrx_word' id='word_1_39' title='bbox 404 540 446 571; x_wconf 79' lang='lat' dir='ltr'>ut</span> <span class='ocrx_word' id='word_1_40' title='bbox 465 539 571 579; x_wconf 72' lang='lat' dir='ltr'>ante,</span> <span class='ocrx_word' id='word_1_41' title='bbox 592 535 723 579; x_wconf 83' lang='lat' dir='ltr'>boves,</span> <span class='ocrx_word' id='word_1_42' title='bbox 743 537 854 583; x_wconf 84' lang='lat' dir='ltr'>pueri</span> <span class='ocrx_word' id='word_1_43' title='bbox 872 547 882 579; x_wconf 84' lang='lat'><em>3</em></span> <span class='ocrx_word' id='word_1_44' title='bbox 911 535 1135 571; x_wconf 74' lang='lat' dir='ltr'>submittite</span> <span class='ocrx_word' id='word_1_45' title='bbox 1156 534 1324 572; x_wconf 74' lang='lat' dir='ltr'>tauros,&#39;’</span> 
     </span>
    </p>
   </div>
   <div class='ocr_carea' id='block_1_6' title="bbox 660 665 873 689">
    <p class='ocr_par' dir='ltr' id='par_1_8' title="bbox 660 665 873 689">
     <span class='ocr_line' id='line_1_10' title="bbox 660 665 873 689; baseline 0.005 -1"><span class='ocrx_word' id='word_1_46' title='bbox 660 665 687 689; x_wconf 85' lang='lat' dir='ltr'>M</span> <span class='ocrx_word' id='word_1_47' title='bbox 695 665 751 688; x_wconf 83' lang='lat' dir='ltr'>ELI</span> <span class='ocrx_word' id='word_1_48' title='bbox 758 666 801 688; x_wconf 85' lang='grc' dir='ltr'>ΒΟ</span> <span class='ocrx_word' id='word_1_49' title='bbox 808 666 873 689; x_wconf 86' lang='lat' dir='ltr'>EUS</span> 
     </span>
    </p>
   </div>
   <div class='ocr_carea' id='block_1_7' title="bbox 178 728 1210 1515">
    <p class='ocr_par' dir='ltr' id='par_1_9' title="bbox 179 728 1114 776">
     <span class='ocr_line' id='line_1_11' title="bbox 179 728 1114 776; baseline 0.001 -12"><span class='ocrx_word' id='word_1_50' title='bbox 179 728 395 764; x_wconf 76' lang='lat' dir='ltr'>Fortunate</span> <span class='ocrx_word' id='word_1_51' title='bbox 417 740 550 773; x_wconf 80' lang='lat' dir='ltr'>seneX,</span> <span class='ocrx_word' id='word_1_52' title='bbox 571 740 666 776; x_wconf 83' lang='lat' dir='ltr'>ergo</span> <span class='ocrx_word' id='word_1_53' title='bbox 687 732 754 764; x_wconf 80' lang='lat' dir='ltr'>tua</span> <span class='ocrx_word' id='word_1_54' title='bbox 774 740 864 763; x_wconf 82' lang='lat' dir='ltr'>rura</span> <span class='ocrx_word' id='word_1_55' title='bbox 882 728 1114 765; x_wconf 78' lang='lat' dir='ltr'>manebunt.</span> 
     </span>
    </p>

    <p class='ocr_par' dir='ltr' id='par_1_10' title="bbox 179 789 1210 900">
     <span class='ocr_line' id='line_1_12' title="bbox 179 789 1210 838; baseline 0.002 -13"><span class='ocrx_word' id='word_1_56' title='bbox 179 796 219 826; x_wconf 86' lang='lat' dir='ltr'>et</span> <span class='ocrx_word' id='word_1_57' title='bbox 241 791 311 825; x_wconf 71' lang='lat' dir='ltr'>tibi</span> <span class='ocrx_word' id='word_1_58' title='bbox 331 803 473 838; x_wconf 81' lang='lat' dir='ltr'>magna</span> <span class='ocrx_word' id='word_1_59' title='bbox 493 792 597 826; x_wconf 79' lang='lat' dir='ltr'>satis.</span> <span class='ocrx_word' id='word_1_60' title='bbox 619 792 795 838; x_wconf 87' lang='lat' dir='ltr'>quamvis</span> <span class='ocrx_word' id='word_1_61' title='bbox 814 789 913 838; x_wconf 86' lang='lat' dir='ltr'>lapis</span> <span class='ocrx_word' id='word_1_62' title='bbox 933 792 1062 825; x_wconf 88' lang='lat' dir='ltr'>omnia</span> <span class='ocrx_word' id='word_1_63' title='bbox 1081 790 1210 827; x_wconf 88' lang='lat' dir='ltr'>nudus</span> 
     </span>
     <span class='ocr_line' id='line_1_13' title="bbox 179 851 1025 900; baseline 0.001 -15"><span class='ocrx_word' id='word_1_64' title='bbox 179 851 394 900; x_wconf 81' lang='lat' dir='ltr'>limosoque</span> <span class='ocrx_word' id='word_1_65' title='bbox 416 851 526 899; x_wconf 82' lang='lat' dir='ltr'>palus</span> <span class='ocrx_word' id='word_1_66' title='bbox 546 851 718 886; x_wconf 81' lang='lat' dir='ltr'>obducat</span> <span class='ocrx_word' id='word_1_67' title='bbox 734 863 877 899; x_wconf 79' lang='lat' dir='ltr'>pascua</span> <span class='ocrx_word' id='word_1_68' title='bbox 897 853 1025 886; x_wconf 87' lang='lat' dir='ltr'>iunco.</span> 
     </span>
    </p>

    <p class='ocr_par' dir='ltr' id='par_1_11' title="bbox 178 911 1156 1079">
     <span class='ocr_line' id='line_1_14' title="bbox 178 911 1156 961; baseline 0.001 -14"><span class='ocrx_word' id='word_1_69' title='bbox 178 925 255 947; x_wconf 89' lang='lat' dir='ltr'>non</span> <span class='ocrx_word' id='word_1_70' title='bbox 279 916 434 948; x_wconf 81' lang='lat' dir='ltr'>insueta</span> <span class='ocrx_word' id='word_1_71' title='bbox 454 914 581 960; x_wconf 80' lang='lat' dir='ltr'>gravis</span> <span class='ocrx_word' id='word_1_72' title='bbox 600 913 858 960; x_wconf 82' lang='lat' dir='ltr'>temptabunt</span> <span class='ocrx_word' id='word_1_73' title='bbox 879 911 1021 961; x_wconf 86' lang='lat' dir='ltr'>pabula</span> <span class='ocrx_word' id='word_1_74' title='bbox 1041 912 1156 959; x_wconf 84' lang='lat' dir='ltr'>fetas,</span> 
     </span>
     <span class='ocr_line' id='line_1_15' title="bbox 178 973 1084 1022; baseline 0.002 -13"><span class='ocrx_word' id='word_1_75' title='bbox 178 987 252 1010; x_wconf 85' lang='lat' dir='ltr'>nec</span> <span class='ocrx_word' id='word_1_76' title='bbox 274 974 374 1009; x_wconf 85' lang='lat' dir='ltr'>mala</span> <span class='ocrx_word' id='word_1_77' title='bbox 394 976 510 1008; x_wconf 84' lang='lat' dir='ltr'>vicini</span> <span class='ocrx_word' id='word_1_78' title='bbox 532 976 685 1021; x_wconf 80' lang='lat' dir='ltr'>pecoris</span> <span class='ocrx_word' id='word_1_79' title='bbox 705 976 891 1022; x_wconf 85' lang='lat' dir='ltr'>contagia</span> <span class='ocrx_word' id='word_1_80' title='bbox 909 973 1084 1011; x_wconf 81' lang='lat' dir='ltr'>laedent.</span> 
     </span>
     <span class='ocr_line' id='line_1_16' title="bbox 179 1034 1042 1079; baseline 0.001 -8"><span class='ocrx_word' id='word_1_81' title='bbox 179 1035 381 1072; x_wconf 76' lang='lat' dir='ltr'>fortunate</span> <span class='ocrx_word' id='word_1_82' title='bbox 402 1048 536 1079; x_wconf 81' lang='lat' dir='ltr'>senex,</span> <span class='ocrx_word' id='word_1_83' title='bbox 559 1035 620 1071; x_wconf 87' lang='lat' dir='ltr'>hic</span> <span class='ocrx_word' id='word_1_84' title='bbox 640 1038 746 1071; x_wconf 83' lang='lat' dir='ltr'>inter</span> <span class='ocrx_word' id='word_1_85' title='bbox 764 1034 926 1071; x_wconf 85' lang='lat' dir='ltr'>flumina</span> <span class='ocrx_word' id='word_1_86' title='bbox 945 1041 1042 1072; x_wconf 72' lang='lat' dir='ltr'>nota</span> 
     </span>
    </p>

    <p class='ocr_par' dir='ltr' id='par_1_12' title="bbox 180 1096 1044 1146">
     <span class='ocr_line' id='line_1_17' title="bbox 180 1096 1044 1146; baseline 0.001 -13"><span class='ocrx_word' id='word_1_87' title='bbox 180 1103 221 1133; x_wconf 83' lang='lat' dir='ltr'>et</span> <span class='ocrx_word' id='word_1_88' title='bbox 241 1097 362 1133; x_wconf 77' lang='lat' dir='ltr'>fontis</span> <span class='ocrx_word' id='word_1_89' title='bbox 381 1109 507 1133; x_wconf 78' lang='lat' dir='ltr'>sacros</span> <span class='ocrx_word' id='word_1_90' title='bbox 527 1096 651 1145; x_wconf 82' lang='lat' dir='ltr'>frigus</span> <span class='ocrx_word' id='word_1_91' title='bbox 671 1097 846 1145; x_wconf 83' lang='lat' dir='ltr'>captabis</span> <span class='ocrx_word' id='word_1_92' title='bbox 866 1109 1044 1146; x_wconf 86' lang='lat' dir='ltr'>opacum.</span> 
     </span>
    </p>

    <p class='ocr_par' dir='ltr' id='par_1_13' title="bbox 180 1158 1208 1269">
     <span class='ocr_line' id='line_1_18' title="bbox 180 1158 1208 1208; baseline 0.003 -15"><span class='ocrx_word' id='word_1_93' title='bbox 180 1159 271 1194; x_wconf 83' lang='lat' dir='ltr'>hinc</span> <span class='ocrx_word' id='word_1_94' title='bbox 291 1159 378 1203; x_wconf 78' lang='lat' dir='ltr'>tibi,</span> <span class='ocrx_word' id='word_1_95' title='bbox 398 1171 497 1207; x_wconf 87' lang='lat' dir='ltr'>quae</span> <span class='ocrx_word' id='word_1_96' title='bbox 518 1171 686 1207; x_wconf 86' lang='lat' dir='ltr'>semper,</span> <span class='ocrx_word' id='word_1_97' title='bbox 706 1160 836 1194; x_wconf 90' lang='lat' dir='ltr'>vicino</span> <span class='ocrx_word' id='word_1_98' title='bbox 855 1159 904 1194; x_wconf 89' lang='lat' dir='ltr'>ab</span> <span class='ocrx_word' id='word_1_99' title='bbox 925 1158 1051 1195; x_wconf 83' lang='lat' dir='ltr'>limite</span> <span class='ocrx_word' id='word_1_100' title='bbox 1071 1171 1208 1208; x_wconf 86' lang='lat' dir='ltr'>saepes</span> 
     </span>
     <span class='ocr_line' id='line_1_19' title="bbox 182 1219 1017 1269; baseline 0.001 -14"><span class='ocrx_word' id='word_1_101' title='bbox 182 1219 375 1269; x_wconf 83' lang='lat' dir='ltr'>Hyblaeis</span> <span class='ocrx_word' id='word_1_102' title='bbox 395 1221 534 1268; x_wconf 86' lang='lat' dir='ltr'>apibus</span> <span class='ocrx_word' id='word_1_103' title='bbox 554 1220 688 1256; x_wconf 88' lang='lat' dir='ltr'>florem</span> <span class='ocrx_word' id='word_1_104' title='bbox 709 1220 875 1268; x_wconf 85' lang='lat' dir='ltr'>depasta</span> <span class='ocrx_word' id='word_1_105' title='bbox 889 1219 1017 1256; x_wconf 80' lang='lat' dir='ltr'>salicti</span> 
     </span>
    </p>

    <p class='ocr_par' dir='ltr' id='par_1_14' title="bbox 181 1275 1201 1515">
     <span class='ocr_line' id='line_1_20' title="bbox 181 1275 1119 1330; baseline 0 -12"><span class='ocrx_word' id='word_1_106' title='bbox 181 1294 299 1330; x_wconf 87' lang='lat' dir='ltr'>saepe</span> <span class='ocrx_word' id='word_1_107' title='bbox 320 1281 397 1317; x_wconf 80' lang='lat' dir='ltr'>levi</span> <span class='ocrx_word' id='word_1_108' title='bbox 418 1275 599 1317; x_wconf 80' lang='lat' dir='ltr'>somnum</span> <span class='ocrx_word' id='word_1_109' title='bbox 619 1281 802 1317; x_wconf 80' lang='lat' dir='ltr'>suadebit</span> <span class='ocrx_word' id='word_1_110' title='bbox 821 1283 921 1318; x_wconf 90' lang='lat' dir='ltr'>inire</span> <span class='ocrx_word' id='word_1_111' title='bbox 941 1293 1119 1326; x_wconf 82' lang='lat' dir='ltr'>susurro;</span> 
     </span>
     <span class='ocr_line' id='line_1_21' title="bbox 181 1342 1165 1392; baseline 0.001 -13"><span class='ocrx_word' id='word_1_112' title='bbox 181 1343 273 1379; x_wconf 88' lang='lat' dir='ltr'>hinc</span> <span class='ocrx_word' id='word_1_113' title='bbox 293 1343 373 1379; x_wconf 77' lang='lat' dir='ltr'>alta</span> <span class='ocrx_word' id='word_1_114' title='bbox 393 1342 465 1379; x_wconf 90' lang='lat' dir='ltr'>sub</span> <span class='ocrx_word' id='word_1_115' title='bbox 487 1356 582 1392; x_wconf 83' lang='lat' dir='ltr'>rupe</span> <span class='ocrx_word' id='word_1_116' title='bbox 603 1348 721 1379; x_wconf 74' lang='lat' dir='ltr'>canet</span> <span class='ocrx_word' id='word_1_117' title='bbox 741 1342 945 1379; x_wconf 77' lang='lat' dir='ltr'>frondator</span> <span class='ocrx_word' id='word_1_118' title='bbox 959 1343 1009 1379; x_wconf 87' lang='lat' dir='ltr'>ad</span> <span class='ocrx_word' id='word_1_119' title='bbox 1028 1357 1139 1380; x_wconf 89' lang='lat' dir='ltr'>auras</span> <span class='ocrx_word' id='word_1_120' title='bbox 1157 1356 1165 1380; x_wconf 91' lang='lat'><strong>:</strong></span> 
     </span>
     <span class='ocr_line' id='line_1_22' title="bbox 181 1405 1201 1454; baseline 0.002 -14"><span class='ocrx_word' id='word_1_121' title='bbox 181 1418 254 1441; x_wconf 89' lang='lat' dir='ltr'>nec</span> <span class='ocrx_word' id='word_1_122' title='bbox 273 1410 408 1441; x_wconf 75' lang='lat' dir='ltr'>tamen</span> <span class='ocrx_word' id='word_1_123' title='bbox 427 1407 581 1441; x_wconf 83' lang='lat' dir='ltr'>interea</span> <span class='ocrx_word' id='word_1_124' title='bbox 601 1418 753 1451; x_wconf 81' lang='lat' dir='ltr'>raucae,</span> <span class='ocrx_word' id='word_1_125' title='bbox 772 1410 841 1441; x_wconf 80' lang='lat' dir='ltr'>tua</span> <span class='ocrx_word' id='word_1_126' title='bbox 860 1418 964 1451; x_wconf 85' lang='lat' dir='ltr'>cura,</span> <span class='ocrx_word' id='word_1_127' title='bbox 984 1405 1201 1454; x_wconf 79' lang='lat' dir='ltr'>palumbes,</span> 
     </span>
     <span class='ocr_line' id='line_1_23' title="bbox 182 1466 1108 1515; baseline 0.001 -13"><span class='ocrx_word' id='word_1_128' title='bbox 182 1479 255 1503; x_wconf 88' lang='lat' dir='ltr'>nec</span> <span class='ocrx_word' id='word_1_129' title='bbox 276 1479 436 1515; x_wconf 82' lang='lat' dir='ltr'>gemere</span> <span class='ocrx_word' id='word_1_130' title='bbox 457 1470 561 1502; x_wconf 77' lang='lat' dir='ltr'>aeria</span> <span class='ocrx_word' id='word_1_131' title='bbox 582 1467 750 1503; x_wconf 85' lang='lat' dir='ltr'>cessabit</span> <span class='ocrx_word' id='word_1_132' title='bbox 769 1471 901 1503; x_wconf 80' lang='lat' dir='ltr'>turtur</span> <span class='ocrx_word' id='word_1_133' title='bbox 919 1467 970 1503; x_wconf 86' lang='lat' dir='ltr'>ab</span> <span class='ocrx_word' id='word_1_134' title='bbox 989 1466 1108 1504; x_wconf 89' lang='lat' dir='ltr'>ulmo.</span> 
     </span>
    </p>
   </div>
   <div class='ocr_carea' id='block_1_8' title="bbox 689 1598 858 1623">
    <p class='ocr_par' dir='ltr' id='par_1_15' title="bbox 689 1598 858 1623">
     <span class='ocr_line' id='line_1_24' title="bbox 689 1598 858 1623; baseline 0 -1"><span class='ocrx_word' id='word_1_135' title='bbox 689 1598 858 1623; x_wconf 80' lang='lat' dir='ltr'>TITYRUS</span> 
     </span>
    </p>
   </div>
   <div class='ocr_carea' id='block_1_9' title="bbox 182 1660 1244 1924">
    <p class='ocr_par' dir='ltr' id='par_1_16' title="bbox 185 1660 1148 1710">
     <span class='ocr_line' id='line_1_25' title="bbox 185 1660 1148 1710; baseline 0.002 -13"><span class='ocrx_word' id='word_1_136' title='bbox 185 1662 294 1697; x_wconf 80' lang='lat' dir='ltr'>Ante</span> <span class='ocrx_word' id='word_1_137' title='bbox 313 1660 421 1697; x_wconf 81' lang='lat' dir='ltr'>leves</span> <span class='ocrx_word' id='word_1_138' title='bbox 444 1673 537 1709; x_wconf 80' lang='lat' dir='ltr'>ergo</span> <span class='ocrx_word' id='word_1_139' title='bbox 553 1666 767 1710; x_wconf 73' lang='lat' dir='ltr'>pascentur</span> <span class='ocrx_word' id='word_1_140' title='bbox 785 1664 825 1697; x_wconf 88' lang='lat' dir='ltr'>in</span> <span class='ocrx_word' id='word_1_141' title='bbox 845 1661 1010 1698; x_wconf 78' lang='lat' dir='ltr'>aethere</span> <span class='ocrx_word' id='word_1_142' title='bbox 1031 1665 1148 1709; x_wconf 88' lang='lat' dir='ltr'>cervi,</span> 
     </span>
    </p>

    <p class='ocr_par' dir='ltr' id='par_1_17' title="bbox 184 1714 1079 1764">
     <span class='ocr_line' id='line_1_26' title="bbox 184 1714 1079 1764; baseline 0.001 -14"><span class='ocrx_word' id='word_1_143' title='bbox 184 1720 226 1751; x_wconf 82' lang='lat' dir='ltr'>et</span> <span class='ocrx_word' id='word_1_144' title='bbox 246 1715 345 1750; x_wconf 81' lang='lat' dir='ltr'>freta</span> <span class='ocrx_word' id='word_1_145' title='bbox 367 1714 590 1751; x_wconf 79' lang='lat' dir='ltr'>destituent</span> <span class='ocrx_word' id='word_1_146' title='bbox 609 1715 736 1751; x_wconf 89' lang='lat' dir='ltr'>nudos</span> <span class='ocrx_word' id='word_1_147' title='bbox 755 1717 795 1751; x_wconf 89' lang='lat' dir='ltr'>in</span> <span class='ocrx_word' id='word_1_148' title='bbox 814 1714 930 1751; x_wconf 85' lang='lat' dir='ltr'>litore</span> <span class='ocrx_word' id='word_1_149' title='bbox 949 1718 1079 1764; x_wconf 88' lang='lat' dir='ltr'>piscis,</span> 
     </span>
    </p>

    <p class='ocr_par' dir='ltr' id='par_1_18' title="bbox 182 1768 1025 1816">
     <span class='ocr_line' id='line_1_27' title="bbox 182 1768 1025 1816; baseline 0.001 -12"><span class='ocrx_word' id='word_1_150' title='bbox 182 1773 277 1804; x_wconf 80' lang='lat' dir='ltr'>ante</span> <span class='ocrx_word' id='word_1_151' title='bbox 298 1771 508 1816; x_wconf 83' lang='lat' dir='ltr'>pererratis</span> <span class='ocrx_word' id='word_1_152' title='bbox 527 1769 731 1804; x_wconf 88' lang='lat' dir='ltr'>amborum</span> <span class='ocrx_word' id='word_1_153' title='bbox 753 1768 894 1804; x_wconf 87' lang='lat' dir='ltr'>finibus</span> <span class='ocrx_word' id='word_1_154' title='bbox 914 1769 1025 1805; x_wconf 86' lang='lat' dir='ltr'>exsul</span> 
     </span>
    </p>

    <p class='ocr_par' dir='ltr' id='par_1_19' title="bbox 182 1821 1244 1924">
     <span class='ocr_line' id='line_1_28' title="bbox 182 1821 1244 1872; baseline 0.003 -16"><span class='ocrx_word' id='word_1_155' title='bbox 182 1826 251 1857; x_wconf 78' lang='lat' dir='ltr'>aut</span> <span class='ocrx_word' id='word_1_156' title='bbox 271 1822 422 1856; x_wconf 84' lang='lat' dir='ltr'>Ararim</span> <span class='ocrx_word' id='word_1_157' title='bbox 448 1821 614 1857; x_wconf 79' lang='lat' dir='ltr'>Parthus</span> <span class='ocrx_word' id='word_1_158' title='bbox 635 1822 746 1858; x_wconf 79' lang='lat' dir='ltr'>bibet</span> <span class='ocrx_word' id='word_1_159' title='bbox 763 1827 832 1858; x_wconf 81' lang='lat' dir='ltr'>aut</span> <span class='ocrx_word' id='word_1_160' title='bbox 853 1821 1065 1858; x_wconf 86' lang='lat' dir='ltr'>Germania.</span> <span class='ocrx_word' id='word_1_161' title='bbox 1084 1821 1244 1872; x_wconf 81' lang='lat' dir='ltr'>Tigrim,</span> 
     </span>
     <span class='ocr_line' id='line_1_29' title="bbox 183 1875 1089 1924; baseline 0.002 -14"><span class='ocrx_word' id='word_1_162' title='bbox 183 1887 300 1924; x_wconf 88' lang='lat' dir='ltr'>quam</span> <span class='ocrx_word' id='word_1_163' title='bbox 320 1879 454 1910; x_wconf 79' lang='lat' dir='ltr'>nostro</span> <span class='ocrx_word' id='word_1_164' title='bbox 474 1875 576 1910; x_wconf 88' lang='lat' dir='ltr'>illius</span> <span class='ocrx_word' id='word_1_165' title='bbox 597 1875 750 1911; x_wconf 82' lang='lat' dir='ltr'>labatur</span> <span class='ocrx_word' id='word_1_166' title='bbox 769 1880 930 1924; x_wconf 81' lang='lat' dir='ltr'>pectore</span> <span class='ocrx_word' id='word_1_167' title='bbox 950 1876 1089 1912; x_wconf 84' lang='lat' dir='ltr'>voltus.</span> 
     </span>
    </p>
   </div>
   <div class='ocr_carea' id='block_1_10' title="bbox 522 1943 1046 1976">
    <p class='ocr_par' dir='ltr' id='par_1_20' title="bbox 522 1943 1046 1976">
     <span class='ocr_line' id='line_1_30' title="bbox 522 1943 1046 1976; baseline 0.004 -2"><span class='ocrx_word' id='word_1_168' title='bbox 522 1943 550 1962; x_wconf 67' lang='lat'>⁵³</span> <span class='ocrx_word' id='word_1_169' title='bbox 578 1944 709 1974; x_wconf 81' lang='lat' dir='ltr'>labatur</span> <span class='ocrx_word' id='word_1_170' title='bbox 726 1943 773 1974; x_wconf 64' lang='lat' dir='ltr'>P1</span> <span class='ocrx_word' id='word_1_171' title='bbox 789 1953 796 1976; x_wconf 88' lang='lat'>:</span> <span class='ocrx_word' id='word_1_172' title='bbox 817 1945 976 1975; x_wconf 84' lang='lat' dir='ltr'>labantur</span> <span class='ocrx_word' id='word_1_173' title='bbox 990 1943 1046 1976; x_wconf 89' lang='lat' dir='ltr'>P2.</span> 
     </span>
    </p>
   </div>
   <div class='ocr_carea' id='block_1_11' title="bbox 181 1996 204 2034">
    <p class='ocr_par' dir='ltr' id='par_1_21' title="bbox 181 1996 204 2034">
     <span class='ocr_line' id='line_1_31' title="bbox 181 1996 204 2034; baseline 0 0"><span class='ocrx_word' id='word_1_174' title='bbox 181 1996 204 2034; x_wconf 88' lang='lat'>6</span> 
     </span>
    </p>
   </div>
   <div class='ocr_carea' id='block_1_12' title="bbox 1305 727 1355 765">
    <p class='ocr_par' dir='ltr' id='par_1_22' title="bbox 1305 727 1355 765">
     <span class='ocr_line' id='line_1_32' title="bbox 1305 727 1355 765; baseline 0 0"><span class='ocrx_word' id='word_1_175' title='bbox 1305 727 1355 765; x_wconf 77' lang='lat'>46</span> 
     </span>
    </p>
   </div>
   <div class='ocr_carea' id='block_1_13' title="bbox 1308 979 1357 1011">
    <p class='ocr_par' dir='ltr' id='par_1_23' title="bbox 1308 979 1357 1011">
     <span class='ocr_line' id='line_1_33' title="bbox 1308 979 1357 1011; baseline 0 0"><span class='ocrx_word' id='word_1_176' title='bbox 1308 979 1357 1011; x_wconf 89' lang='grc'>50</span> 
     </span>
    </p>
   </div>
   <div class='ocr_carea' id='block_1_14' title="bbox 1308 1286 1357 1320">
    <p class='ocr_par' dir='ltr' id='par_1_24' title="bbox 1308 1286 1357 1320">
     <span class='ocr_line' id='line_1_34' title="bbox 1308 1286 1357 1320; baseline -0.02 0"><span class='ocrx_word' id='word_1_177' title='bbox 1308 1286 1357 1320; x_wconf 87' lang='grc'>55</span> 
     </span>
    </p>
   </div>
   <div class='ocr_carea' id='block_1_15' title="bbox 1308 1715 1357 1754">
    <p class='ocr_par' dir='ltr' id='par_1_25' title="bbox 1308 1715 1357 1754">
     <span class='ocr_line' id='line_1_35' title="bbox 1308 1715 1357 1754; baseline 0 0"><span class='ocrx_word' id='word_1_178' title='bbox 1308 1715 1357 1754; x_wconf 87' lang='grc'>60</span> 
     </span>
    </p>
   </div>
  </div>
 </body>
</html>
