1430 2335
654 107 849 144 VIRGIL

162 183 317 220 adsueti
337 182 455 227 silvis,
477 185 643 219 comites
664 185 827 219 senioris
845 183 1037 226 Acestae3

162 237 278 273 multi
299 241 519 285 praeterea,
541 248 638 286 quos
657 236 760 272 fama
779 237 942 272 obscura
963 235 1157 273 recondit.

164 292 322 326 Aeneas
343 290 486 339 quibus
505 291 545 325 in
565 289 706 325 mediis
727 293 780 326 sic
801 289 947 326 deinde
967 290 1121 326 locutus
1139 301 1147 325 ε

163 347 187 363 “
202 346 369 391 accipite
390 343 488 380 haec
508 345 649 379 animis
668 343 872 392 laetasque
892 343 1091 379 advertite
1111 347 1278 380 mentes.

163 409 282 432 nemo
302 409 351 432 ex
370 396 445 432 hoc
465 409 632 432 numero
651 395 747 431 mihi
768 409 847 431 non
868 396 1037 433 donatus
1056 396 1192 443 abibit.
1267 399 1341 432 305

165 449 313 485 Gnosia
334 450 424 485 bina
444 449 547 486 dabo
568 449 699 486 levato
720 449 851 485 lucida
870 449 974 485 ferro

164 503 312 551 spicula
333 503 605 552 caelatamque
625 507 792 552 argento
812 502 915 539 ferre
936 503 1150 551 bipennem
1168 515 1176 547 3

163 557 345 592 omnibus
365 556 430 592 hic
451 559 526 592 erit
547 569 647 592 unus
667 556 801 592 honos.
860 560 940 592 tres
961 559 1135 605 praemia
1156 558 1271 606 primi

163 611 360 658 accipient
379 609 557 658 flavaque
579 614 700 658 caput
719 613 935 646 nectentur
954 609 1065 646 oliva.

164 666 315 712 primus
336 676 481 712 equum
501 662 674 712 phaleris
694 665 893 711 insignem
915 666 1039 699 victor
1056 662 1227 706 habeto3
1269 665 1344 699 310

162 716 265 752 alter
286 718 540 752 Amazoniam
562 715 789 764 pharetram
808 716 1048 766 plenamque
1068 719 1223 765 sagittis

163 770 370 814 Threiciis,
389 770 470 805 lato
490 782 606 818 quam
629 772 776 806 circum
794 770 1051 818 amplectitur
1069 783 1163 806 auro

163 823 321 859 balteus
341 827 383 859 et
404 825 524 858 tereti
545 823 747 859 subnectit
767 822 886 859 fibula
906 836 1088 872 gemma3

163 879 307 914 tertius
328 876 514 924 Argolica
531 875 605 912 hac
625 876 738 925 galea
756 881 969 913 contentus
987 876 1134 913 abit0.’'

220 930 334 966 Haec
349 930 414 965 ubi
427 930 546 975 (licta,
558 929 688 966 locum
701 933 864 978 capiunt
876 932 1069 980 signoque
1082 935 1249 979 repente
1270 933 1344 967 315

165 985 385 1031 corripiunt
405 985 532 1031 spatia
551 983 688 1019 audito
708 984 910 1032 limenque
930 983 1175 1033 relinquunt,

166 1036 278 1073 effusi
299 1037 433 1072 nimbo
453 1037 599 1073 similes
616 1049 625 1080 ;
653 1037 769 1073 simul
790 1037 930 1072 ultima
949 1039 1119 1086 signant.

165 1093 312 1140 primus
333 1090 417 1126 abit
434 1089 633 1139 longeque
654 1095 748 1126 ante
768 1093 900 1126 omnia
919 1103 1081 1140 corpora
1101 1090 1219 1127 Nisus

166 1146 324 1188 emicat,
344 1149 385 1179 et
405 1145 534 1179 ventis
554 1149 596 1180 et
615 1143 791 1180 fulminis
811 1146 916 1180 ocior
934 1144 1005 1180 alis
1022 1156 1031 1188 ;

165 1199 364 1246 proximus
385 1196 489 1240 huic,
509 1196 629 1245 longo
649 1197 718 1233 sed
739 1199 938 1245 proximus
956 1196 1177 1243 intervallo,
1271 1200 1348 1233 320

165 1252 388 1299 insequitur
408 1249 536 1286 Salius
553 1262 561 1294 3
591 1253 719 1299 spatio
741 1255 831 1299 post
851 1250 998 1287 deinde
1018 1250 1159 1288 relicto

166 1306 307 1339 tertius
328 1303 523 1351 Euryalus
540 1314 549 1345 ;

166 1356 461 1406 Euryalumque
484 1355 680 1404 Helymus
700 1359 879 1406 sequitur
895 1370 902 1401 ;
920 1370 999 1407 quo
1014 1356 1161 1394 deinde
1181 1357 1349 1406 subipso

168 1423 260 1446 ecce
282 1409 388 1445 volat
409 1409 638 1458 calcemque
657 1413 754 1446 terit
774 1413 852 1446 iarn
872 1411 980 1447 calce
1002 1410 1156 1456 Diores,

165 1464 401 1499 incumbens
420 1476 556 1499 umero
574 1475 582 1506 3
612 1466 739 1512 spatia
759 1469 801 1500 et
821 1466 852 1500 si
871 1463 984 1513 plura
1003 1467 1215 1513 supersint,
1274 1468 1348 1500 325

166 1522 345 1553 transeat
365 1516 521 1565 elapsus
540 1519 647 1565 prior
665 1518 948 1566 ambiguumve
967 1517 1178 1567 relinquat.

166 1572 323 1619 iamque
343 1569 426 1606 fere
448 1572 575 1618 spatio
595 1575 775 1607 extremo
797 1570 967 1620 fessique
986 1571 1058 1608 sub
1077 1574 1201 1620 ipsam

168 1624 286 1660 finem
306 1623 594 1669 adventabant,
612 1623 691 1660 levi
712 1636 801 1660 cum
821 1627 1016 1673 sanguine
1037 1624 1156 1662 Nisus

166 1677 314 1713 labitur
332 1675 482 1720 infelix,
504 1679 624 1713 caesis
644 1682 690 1713 ut
710 1677 812 1714 forte
832 1680 1007 1714 iuvencis

166 1730 274 1766 fusus
287 1730 452 1766 humum
465 1730 677 1780 viridisque
691 1743 808 1779 super
819 1731 1087 1768 madefecerat
1100 1731 1251 1768 herbas.
1276 1735 1351 1768 330

165 1782 230 1818 hic
250 1785 402 1819 iuvenis
422 1785 499 1818 iam
520 1786 644 1819 victor
663 1796 783 1820 ovans
804 1786 970 1834 vestigia
988 1797 1123 1834 presso

165 1835 273 1872 haud
294 1838 425 1871 tenuit
444 1837 615 1873 titubata
637 1836 732 1880 solo,
752 1836 824 1874 sed
843 1850 989 1887 pronus
1009 1840 1049 1874 in
1068 1840 1153 1887 ipso

165 1888 342 1925 concidit
360 1890 645 1940 immundoque
666 1889 757 1926 fimo
779 1903 966 1941 sacroque
986 1904 1136 1935 cruore,

210 1950 256 1969 ³⁰⁹
284 1950 390 1992 flava]
409 1952 505 1983 fulva
523 1953 638 1984 known
654 1957 684 1984 to
700 1953 842 1984 Servius.
1006 1952 1054 1972 ³²⁰
1077 1965 1196 1995 equam
1212 1953 1276 1986 Ml.

211 1992 259 2012 ³¹²
284 1995 578 2032 circumplectitur
593 1996 642 2027 M.
733 1995 780 2014 ³²³
805 1997 886 2037 quo]
901 1997 990 2035 quod
1006 1998 1073 2027 MR
1086 2010 1096 2028 .·
1121 2008 1218 2035 quem
1237 1996 1293 2029 Pl.

211 2035 258 2056 ³²⁵
284 2048 340 2069 -ve
355 2037 511 2078 Bentley:
533 2048 613 2077 -que
629 2039 725 2070 MSS.
1002 2038 1048 2058 ³²⁷
1073 2042 1183 2080 ipsum
1200 2039 1265 2071 M2.

168 2090 247 2129 466
