1430 2335
552 462 781 510 LIBER
818 463 906 509 III

142 600 165 617 ‘⁵
181 596 385 637 POSTQUAM
399 608 461 632 res
474 596 592 632 Asiae
610 595 833 645 Priamique
847 599 1028 632 evertere
1041 599 1203 643 gentem
1246 606 1322 630 mir

141 669 377 702 immeritam
397 668 521 701 visum
541 667 705 715 superis,
724 664 947 713 ceciditque
967 665 1179 714 superbum

143 736 258 772 Ilium
279 741 321 772 et
340 738 467 772 onmis
487 735 607 772 humo
627 734 753 771 fumat
773 735 978 784 Neptunia
996 733 1126 780 Troia,

141 806 295 842 diversa
314 805 449 843 exsilia
468 810 509 842 et
530 805 707 841 desertas
727 817 916 854 quaerere
935 809 1060 841 terras

141 879 313 925 auguriis
332 879 485 925 agimur
505 876 652 921 divum,
673 875 917 924 classemque
938 875 1010 911 sub
1030 878 1113 923 ipsa
1302 879 1322 912 5

143 947 352 985 Antandro
373 951 414 983 et
436 945 631 995 Phrygiae
652 945 835 981 molimur
853 945 1054 981 montibus
1076 944 1182 990 Idae,

142 1019 298 1063 incerti,
318 1030 395 1066 quo
416 1015 497 1053 fata
517 1015 662 1061 ferant,
682 1016 749 1052 ubi
770 1018 909 1052 sistere
930 1015 1061 1061 detur,

143 1087 488 1136 contrahimusque
510 1088 621 1122 viros.
680 1088 742 1121 vix
764 1088 889 1135 prima
909 1087 1113 1134 inceperat
1131 1090 1271 1131 aestas,

143 1165 185 1197 et
205 1164 318 1208 pater
337 1156 533 1193 Anchises
552 1156 645 1192 dare
666 1155 760 1192 satis
782 1154 867 1191 vela
887 1155 1052 1192 iubebat
1069 1168 1077 1192 z

142 1231 257 1267 litora
278 1241 367 1264 cum
387 1229 539 1276 patriae
558 1225 767 1262 lacrimans
787 1229 1003 1275 portusque
1022 1225 1203 1275 reiinquo
1280 1231 1325 1262 10

145 1305 186 1338 et
206 1310 378 1347 campos,
398 1297 465 1333 ubi
487 1295 602 1332 Troia
623 1295 710 1333 fuit.
769 1295 874 1331 feror
894 1294 1004 1332 exsul
1024 1297 1065 1331 in
1084 1295 1209 1332 altum

145 1383 234 1407 cum
255 1370 368 1405 sociis
388 1371 577 1416 natoque,
600 1365 816 1402 Penatibus
836 1370 878 1402 et
897 1367 1051 1414 magnis
1070 1365 1141 1402 dis.

199 1445 222 1461 ‘'‘
235 1439 357 1476 Terra
377 1436 513 1486 procul
534 1438 654 1472 vastis
674 1435 817 1472 colitur
838 1435 1033 1472 Mavortia
1053 1438 1202 1485 campis

143 1511 334 1562 (Thraces
353 1505 498 1558 arant),
517 1509 596 1542 acri
616 1505 817 1555 quondam
836 1510 1002 1554 regnata
1023 1504 1218 1555 Lycurgo,

144 1582 358 1629 hospitium
379 1579 588 1626 antiquum
607 1575 746 1612 Troiae
766 1578 941 1625 sociique
962 1575 1144 1622 Penates,
1281 1580 1326 1612 15

145 1651 239 1687 dum
265 1648 439 1684 Fortuna
461 1646 545 1683 fuit.
604 1645 709 1682 feror
732 1644 810 1681 hue
831 1649 874 1681 et
891 1644 1008 1681 litore
1029 1657 1147 1681 curvo

145 1722 299 1757 moenia
321 1720 446 1767 prima
467 1716 565 1761 loco,
586 1715 676 1752 fatis
696 1717 897 1764 ingressus
916 1716 1074 1764 iniquis,

147 1788 436 1836 Aeneadasque
456 1798 545 1822 meo
564 1798 711 1821 nomen
730 1785 781 1821 de
801 1786 961 1821 nomine
980 1783 1097 1834 fingO.

200 1863 222 1879 ‘⁵
237 1857 352 1895 Sacra
373 1856 575 1892 Dionaeae
594 1857 712 1891 matri
732 1854 912 1903 divisque
932 1853 1108 1890 ferebam

145 1927 368 1978 auspicibus
383 1930 613 1975 coeptorum
629 1937 805 1973 operum,
822 1936 1042 1974 superoque
1056 1926 1252 1961 nitentem
1278 1928 1326 1960 20

642 1999 652 2018 ⁷
677 1999 791 2030 ferunt
808 1997 861 2029 P1.

148 2051 222 2084 348
