1430 2335
685 97 880 135 VIRGIL

143 217 146 219 Α
193 188 289 224 quos
306 187 435 223 neque
455 173 630 223 Tydides
649 187 727 214 nec
745 173 971 210 Larissaeus
990 171 1182 217 Achilles,

192 242 273 265 non
292 231 385 264 anni
405 227 595 264 domuere
616 227 770 272 decem,
789 240 870 263 non
890 226 1000 263 mille
1019 228 1186 263 carinae.

248 285 271 302 “
289 282 369 318 Hic
382 280 489 317 aliud
509 283 632 317 maius
647 283 796 317 miseris
809 280 1016 329 multoque
1035 279 1292 316 tremendum
1320 290 1373 314 MP

193 335 365 372 obicitur
385 337 509 384 magis
529 340 650 383 atque.
670 333 889 383 improvida
908 338 1071 383 pectora
1089 333 1235 370 turbat.
1296 335 1374 367 200

195 388 392 434 Laocoon,
411 389 554 425 ductus
574 388 768 436 Neptuno
788 392 893 424 sorte
913 386 1108 432 sacerdos,

196 442 401 479 sollemnis
419 447 574 479 taurum
598 444 806 490 ingentem
827 440 1029 477 mactabat
1046 439 1097 476 ad
1116 452 1211 475 aras.

195 509 289 533 ecce
308 501 442 532 autem
463 498 613 544 gemini
632 508 655 531 a
674 494 839 531 Tenedo
858 493 1071 543 tranquilla
1090 506 1162 542 per
1179 493 1260 528 alta

195 550 398 599 (horresco
417 548 612 600 referens)
632 550 834 585 immensis
852 548 1012 584 orbibus
1031 560 1183 595 angues

196 603 433 640 incumbunt
451 603 594 652 pelago
615 605 841 651 pariterque
859 601 910 638 ad
930 601 1046 637 litora
1062 600 1239 637 tendunt
1254 613 1261 636 ;
1299 602 1375 635 205

196 662 359 706 pectora
377 669 545 706 quorum
565 659 672 692 inter
691 655 832 692 fluctus
849 659 1003 691 arrecta
1021 655 1217 703 iubaeque

196 713 438 759 sanguineae
458 715 648 759 superant
666 709 815 753 undas3
846 721 934 757 pars
954 712 1088 744 cetera
1106 713 1273 756 pontum

196 777 301 812 pone
322 765 422 812 legit
441 766 652 813 sinuatque
671 766 864 799 immensa
883 762 1083 798 volumine
1104 767 1227 809 terga.

196 817 241 854 fit
262 821 414 854 sonitus
434 823 645 866 spumante
666 817 771 859 salo;
798 818 956 864 iamque
976 828 1067 851 arva
1085 815 1283 851 tenebant

156 872 456 920 ardentisque
477 871 610 907 oculos
630 870 783 907 suffecti
805 871 997 918 sanguine
1018 873 1060 904 et
1080 870 1162 917 igni
1303 870 1379 902 210

197 925 311 961 sibila
331 924 562 961 lambebant
582 925 724 971 linguis
744 923 990 959 vibrantibus
1010 935 1087 958 ora.

197 978 425 1027 diffugimus
445 981 530 1014 visu
551 990 783 1025 exsangues.
840 976 897 1012 illi
916 978 1075 1025 agmine
1095 980 1204 1011 certo

200 1032 425 1068 Laocoonta
444 1036 613 1080 petunt3
643 1036 685 1067 et
705 1034 875 1080 primum
894 1043 1013 1078 parva
1033 1029 1200 1065 duorum

198 1099 359 1134 corpora
377 1091 559 1121 natorum
579 1097 742 1134 serpens
760 1083 964 1132 amplexus
984 1088 1151 1132 uterque

198 1139 377 1188 implicat
397 1144 439 1176 et
457 1142 620 1175 miseros
639 1151 770 1174 morsu
790 1138 1018 1186 depascitur
1035 1141 1166 1179 artus3
1306 1139 1382 1172 215

198 1198 288 1242 post
308 1195 450 1240 ipsum,
469 1192 614 1228 auxilio
633 1192 870 1228 subeuntem
891 1204 934 1226 ac
956 1190 1036 1226 tela
1055 1189 1266 1234 ferentem,

200 1249 418 1294 corripiunt
438 1248 629 1294 spirisque
649 1245 777 1293 ligant
796 1244 1049 1293 ingentibus:
1079 1248 1120 1280 et
1140 1247 1216 1278 iam

200 1301 258 1335 bis
279 1299 456 1336 inedium
476 1299 662 1348 amplexi,
682 1299 742 1335 bis
761 1297 864 1334 collo
883 1310 1069 1346 squamea
1087 1299 1235 1333 circuni

198 1358 313 1402 terga
331 1352 428 1397 dati,
448 1358 636 1401 superant
655 1354 786 1400 capite
806 1356 847 1387 et
866 1351 1084 1387 cervicibus
1104 1350 1205 1386 altis.

199 1406 266 1442 ille
284 1406 399 1442 simul
418 1407 599 1442 manibus
618 1405 751 1442 tendit
769 1404 959 1441 divellere
978 1404 1114 1447 nodos,
1309 1408 1384 1440 220

202 1461 383 1509 perfusus
403 1462 511 1496 sanie
532 1462 651 1495 vittas
670 1464 834 1508 atroque
855 1471 1022 1502 veneno,

200 1514 391 1550 clamores
411 1513 526 1549 simul
546 1512 763 1549 horrendos
784 1511 834 1548 ad
855 1511 983 1548 sidera
1001 1510 1121 1556 tollit,

173 1574 185 1577 “
201 1567 327 1616 qualis
348 1569 536 1616 mugitus,
556 1566 660 1615 fugit
679 1579 768 1602 cum
789 1568 940 1602 saucius
959 1578 1066 1600 aram

200 1626 336 1657 taurus
356 1626 398 1657 et
416 1623 611 1656 incertam
631 1621 803 1656 excussit
821 1621 973 1656 cervice
992 1620 1172 1655 securim.

200 1680 242 1710 at
261 1677 411 1722 gemini
430 1673 541 1722 lapsu
562 1673 728 1709 delubra
746 1672 795 1708 ad
815 1685 967 1709 summa
985 1671 1174 1708 dracones
1309 1675 1384 1708 225

200 1728 396 1776 effugiunt
416 1740 634 1776 saevaeque
654 1731 800 1776 petunt
818 1725 1034 1762 Tritonidis
1053 1738 1195 1768 arcem,

201 1781 274 1818 sub
294 1781 541 1830 pedibusque
561 1780 661 1817 deae
681 1780 878 1829 clipeique
898 1780 970 1816 sub
988 1779 1084 1815 orbe
1102 1783 1308 1828 teguntur.

629 1899 673 1920 ²⁰¹
696 1901 847 1939 Neptuni
865 1901 905 1932 P.

632 1942 676 1963 ²²⁶
701 1944 886 1983 diffugiunt
903 1943 950 1974 M.

203 2017 277 2049 308
