1430 2335
627 114 818 151 VIRGIL

134 195 251 243 erigit
270 197 312 229 et
332 191 531 228 volucrem
551 193 719 227 traiecto
737 193 779 226 in
797 189 894 227 fune
913 189 1149 236 columbam,

133 260 210 296 quo
230 245 399 283 tendant
419 244 577 288 ferrum,
599 244 702 280 malo
721 244 932 292 suspendit
950 244 999 280 ab
1017 244 1109 280 alto.

132 312 355 336 convenere
374 300 445 334 viri
465 297 743 347 deiectamque
763 310 879 334 aerea
897 302 1043 334 sortem
1230 301 1307 340 490

131 356 287 402 accepit
306 352 441 401 galea;
471 356 513 388 et
532 353 678 400 primus
698 350 868 387 clamore
887 351 1062 387 secundo

134 406 380 456 Hyrtacidae
400 410 494 442 ante
514 407 641 441 omnis
660 407 742 441 exit
761 404 871 441 locus
892 404 1195 453 Hippocoontis.

132 473 249 509 quem
270 459 390 496 modo
409 458 538 494 navali
560 457 796 494 Mnestheus
814 461 1031 494 certamine
1053 461 1177 494 victor

131 516 401 563 consequitur,
419 512 534 548 viridi
556 511 793 548 Mnestheus
814 514 993 548 evinctus
1013 511 1126 549 oliva.

130 570 274 604 tertius
294 567 501 616 Eurytion,
521 571 625 610 tuus,
644 578 667 601 o
687 564 913 610 clarissime,
933 564 1068 609 frater,
1232 569 1306 608 495

134 621 323 665 Pandare,
343 621 409 670 qui
429 619 641 669 quondam,
661 621 787 654 iussus
806 618 1052 655 confundere
1073 617 1226 665 foedus,

131 677 172 711 in
191 674 343 711 medios
363 673 487 710 telum
507 675 656 709 torsisti
674 674 823 721 primus
843 671 1027 708 Achivos.

131 733 332 765 extremus
350 727 542 776 galeaque
560 728 638 761 ima
657 725 836 762 subsedit
855 725 1034 770 Acestes,

130 795 246 818 ausus
266 787 308 818 et
327 784 411 829 ipse
431 793 550 816 manu
566 783 752 815 iuvenum
769 784 968 827 temptare
987 778 1175 817 laborem.

183 835 284 872 Tum
301 834 439 870 validis
460 833 579 869 flexos
593 836 801 868 incurvant
821 833 966 869 viribus
980 845 1091 869 arcus
1227 845 1308 869 MPR

130 902 201 938 pro
222 902 263 925 se
283 891 448 938 quisque
469 888 539 922 viri
559 891 599 923 et
619 886 860 934 depromunt
879 885 960 922 tela
979 885 1188 935 pharetris,
1232 891 1303 923 501

130 945 335 991 primaque
355 954 426 991 per
445 940 598 976 caelum
617 952 739 976 nervo
759 939 956 976 stridente
975 942 1121 987 sagitta

133 995 379 1045 Hyrtacidae
398 996 551 1030 iuvenis
571 993 736 1029 volucris
751 993 977 1030 diverberat
995 1006 1119 1038 auras,

131 1054 173 1086 et
193 1052 303 1086 venit
323 1048 557 1097 adversique
577 1048 755 1095 infigitur
773 1047 913 1083 arbore
928 1046 1031 1082 mali.

130 1105 341 1140 intremuit
358 1101 496 1146 malus,
514 1103 729 1150 timuitque
750 1102 940 1136 exterrita
957 1102 1088 1149 pinnis
1233 1103 1306 1137 505

130 1157 225 1200 ales,
246 1161 288 1193 et
307 1157 464 1204 ingenti
483 1158 703 1191 sonuerunt
723 1156 853 1189 omnia
872 1153 1021 1202 plausu.

132 1215 221 1259 post
240 1223 330 1246 acer
353 1208 586 1245 Mnestheus
606 1207 778 1244 adducto
800 1210 981 1243 constitit
1000 1220 1105 1253 arcu,

129 1265 211 1300 alta
231 1268 388 1312 petenS,
408 1264 634 1311 pariterque
655 1261 787 1297 oculos
811 1260 1012 1310 telumque
1032 1261 1220 1298 tetendit.

129 1322 191 1353 ast
209 1319 333 1366 ipsam
352 1318 444 1352 misr
453 1315 597 1351 raudus
615 1328 728 1351 avem
749 1317 983 1363 contingere
1001 1313 1107 1351 ferro

130 1384 210 1407 non
230 1370 375 1413 valuit3
404 1369 528 1405 nodos
549 1374 589 1405 et
609 1367 764 1404 vincula
782 1367 889 1404 linea
908 1370 1028 1416 rupit,
1233 1371 1308 1404 510

131 1427 217 1473 quis
237 1426 382 1460 innexa
402 1422 545 1472 pedem
567 1422 670 1457 malo
691 1421 896 1470 pendebat
913 1421 962 1457 ab
981 1420 1086 1465 alt03

130 1478 196 1513 illa
218 1477 343 1513 Notos
361 1481 482 1525 atque
501 1480 585 1511 atra
606 1475 741 1511 volans
761 1478 801 1510 in
821 1474 956 1511 nubila
975 1474 1090 1523 fugit.

130 1537 216 1568 tum
235 1530 406 1579 rapidus,
426 1528 655 1565 iamdudum
676 1541 767 1564 arcu
788 1533 977 1564 contenta
996 1533 1133 1577 parato

129 1585 210 1621 tela
228 1589 386 1627 tenens,
406 1583 569 1619 fratrem
591 1582 787 1631 Eurytion
807 1584 848 1617 in
869 1586 959 1618 vota
980 1585 1146 1627 vocavit,

130 1642 207 1674 iam
227 1651 349 1674 vacuo
368 1636 514 1672 laetam
534 1636 644 1672 caelo
663 1634 901 1684 speculatus,
922 1640 963 1671 et
983 1635 1054 1671 alis
1233 1638 1307 1671 515

129 1692 389 1741 plaudentem
409 1693 522 1738 nigra
541 1689 626 1737 figit
647 1689 719 1725 sub
739 1689 843 1725 nube
863 1689 1097 1725 columbam.

129 1745 280 1781 decidit
299 1746 490 1781 exanimis
511 1746 709 1792 vitamque
729 1742 891 1791 reliquit
911 1745 950 1778 in
969 1744 1084 1779 astris

129 1798 317 1835 aetheriis
336 1798 531 1846 fixamque
551 1796 675 1833 refert
694 1795 854 1844 delapsa
873 1798 1070 1845 sagittam.

130 1855 269 1888 amissa
288 1851 392 1888 solus
411 1850 542 1899 palma
561 1850 772 1898 superabat
792 1850 981 1892 Aceste53

175 1930 220 1949 4⁰¹
245 1931 390 1971 primum
406 1930 481 1961 RV.
729 1927 775 1945 ⁴⁹⁹
800 1939 937 1959 inanum
963 1929 997 1959 V.
1050 1928 1164 1959 labore
1187 1928 1222 1960 V.

175 1973 221 1993 ⁵⁰³
246 1974 394 2005 volucris
410 1973 544 2004 iuvenis
559 1973 599 2004 P.
730 1969 777 1990 ⁵¹²
801 1975 875 2003 atra
891 1972 959 2003 MR
972 1984 982 2003 .·
1005 1972 1073 2002 alta
1089 1972 1127 2002 P.

174 2017 221 2036 ⁵¹⁶
245 2017 320 2056 figit
337 2016 469 2055 nigram
485 2014 552 2046 Pl:
578 2015 655 2054 figit
671 2015 768 2054 nigra
783 2026 815 2055 γ.
993 2012 1040 2033 513
1063 2014 1162 2045 aeriis
1178 2014 1254 2046 MR.

132 2073 206 2109 478
