1430 2335
699 103 895 141 VIRGIL

258 181 282 200 “
295 177 396 215 Tum
417 191 509 216 vero
531 178 767 216 tremefacta
788 191 910 215 novus
929 191 1000 228 per
1018 183 1180 228 pectora
1200 182 1353 217 cunctis

205 244 381 280 insinuat
402 256 533 292 pavor,
554 248 596 280 et
616 243 742 280 scelus
763 243 1000 292 expendisse
1018 249 1241 281 merentem

207 308 435 345 Laocoonta
454 308 600 354 ferunt,
622 321 775 345 sacrum
795 310 862 358 qui
881 308 1043 358 cuspide
1062 309 1180 345 robur
1314 313 1391 346 230

206 372 367 409 laeserit
386 378 428 410 et
446 378 561 422 tergo
581 373 817 410 sceleratam
836 375 1040 410 intorserit
1059 373 1225 410 hastam.

206 437 436 474 ducendum
455 438 502 473 ad
525 437 640 474 sedes
661 436 911 474 simulacrum
932 437 1158 487 orandaque
1180 437 1293 475 divae

206 505 372 538 numina
392 502 656 539 conclamant.

207 566 419 603 dividimus
438 580 569 603 muros
590 572 631 603 et
650 569 807 603 moenia
827 566 1035 616 pandimus
1055 567 1173 604 urbis.

206 633 422 680 accingunt
442 644 579 668 omnes
599 633 708 680 operi
729 631 977 681 pedibusque
998 637 1171 668 rotarum
1316 634 1392 667 235

207 697 407 732 subiciunt
427 696 560 745 lapsus
580 701 621 732 et
642 701 811 745 stuppea
830 695 986 733 vincula
1005 695 1106 732 collo

206 760 436 798 intendunt.
480 760 649 808 mscandit
668 760 798 797 fatalis
817 760 1001 797 machina
1020 774 1164 807 muros,

207 824 291 862 feta
309 827 436 862 armis.
494 827 606 874 pueri
627 827 774 860 circum
795 827 1067 874 innuptaeque
1088 825 1244 874 puellae

207 903 314 926 sacra
335 895 486 927 canunt
506 889 724 939 funemque
744 902 862 926 manu
883 891 1118 938 contingere
1138 890 1340 939 gaudent3

207 954 275 991 illa
295 955 403 992 subit
423 954 659 1004 mediaeque
681 956 835 991 minans
854 954 1045 991 inlabitur
1063 955 1162 992 urbi.
1316 959 1392 992 240

206 1034 228 1056 o
248 1022 389 1069 patria,
410 1033 432 1056 o
451 1019 586 1056 divum
607 1019 746 1055 domus
768 1019 885 1055 Ilium
904 1023 947 1056 et
965 1018 1117 1056 incluta
1135 1019 1241 1056 bello

205 1087 363 1121 moenia
384 1083 681 1121 Dardanidum!
739 1088 880 1133 quater
899 1086 984 1133 ipso
1002 1086 1043 1119 in
1064 1083 1200 1120 limine
1222 1089 1358 1133 portae

205 1149 395 1194 substitit,
414 1153 533 1198 atque
554 1153 668 1185 utero
689 1151 862 1185 sonitum
882 1152 1023 1198 quater
1041 1161 1148 1184 arma
1167 1149 1340 1188 dedere:

205 1215 397 1250 instamus
417 1218 552 1250 tamen
572 1215 823 1250 immemores
842 1215 1030 1262 caecique
1048 1212 1179 1250 furore

205 1283 247 1314 et
266 1283 488 1314 monstrum
508 1277 647 1314 infelix
667 1282 818 1314 sacrata
837 1279 1009 1314 sistimus
1029 1290 1129 1316 arce.
1315 1283 1390 1316 245

205 1347 300 1379 tunc
321 1345 443 1380 etiam
465 1342 556 1379 fatis
576 1344 705 1392 aperit
727 1342 946 1379 Cassandra
966 1341 1111 1379 futuris

203 1419 282 1451 ora,
303 1407 369 1444 dei
388 1410 493 1443 iussu
515 1420 595 1443 non
615 1420 802 1456 umquam
822 1406 973 1443 eredita
991 1406 1167 1445 Teucris.

203 1484 274 1508 nos
294 1471 459 1507 delubra
480 1470 599 1507 deum
619 1473 767 1516 miseri,
786 1471 926 1520 quibus
948 1470 1109 1507 ultimus
1129 1477 1235 1529 {8⁶85AE

203 1536 270 1573 ille
290 1536 387 1580 dies,
409 1535 509 1572 festa
530 1535 705 1572 velamus
725 1535 865 1572 fronde
886 1548 956 1585 per
976 1536 1125 1573 urbem.

256 1604 280 1621 “
293 1600 474 1637 Vertitur
493 1602 647 1636 interea
667 1599 820 1636 caelum
840 1605 881 1636 et
902 1601 979 1636 ruit
1001 1599 1163 1637 Oceano
1182 1614 1272 1647 nox,
1311 1606 1388 1640 250

203 1665 407 1702 involvens
435 1665 573 1701 umbra
593 1677 736 1714 magna
756 1669 985 1714 terramque
1005 1664 1219 1714 polumque

204 1729 582 1779 Myrmidonumque
602 1729 736 1773 dolos;
764 1728 840 1765 fusi
860 1742 930 1778 per
948 1731 1106 1766 moenia
1124 1729 1266 1767 Teucri

201 1797 442 1837 conticuere,
463 1806 578 1843 sopor
600 1793 723 1830 fessos
743 1793 1022 1843 complectitur
1040 1799 1159 1831 artus.

201 1863 244 1896 et
263 1861 340 1895 iam
359 1859 508 1907 Argiva
527 1858 700 1907 phalanx
721 1861 924 1896 instructis
943 1859 1109 1895 navibus
1129 1859 1214 1895 ibat
1311 1871 1387 1896 FMP

200 1937 223 1960 a
242 1922 420 1970 Tenedo,
439 1925 586 1960 tacitae
606 1935 678 1972 per
696 1925 821 1959 amica
841 1922 999 1961 silentia
1020 1923 1136 1960 lunae
1307 1928 1383 1961 255

200 1987 315 2024 litora
335 1992 430 2023 nota
449 1992 605 2036 petens,
623 1987 798 2024 flammas
817 1999 906 2024 cum
927 1990 1035 2037 regia
1054 1989 1198 2038 puppis

662 2059 704 2088 ἕω
730 2072 889 2101 magnam
903 2063 941 2095 P.

200 2111 278 2143 310
