<?xml version="1.0" encoding="UTF-8"?>
<!DOCTYPE html PUBLIC "-//W3C//DTD XHTML 1.0 Transitional//EN"
    "http://www.w3.org/TR/xhtml1/DTD/xhtml1-transitional.dtd">
<html xmlns="http://www.w3.org/1999/xhtml" xml:lang="en" lang="en">
 <head>
  <title>
</title>
<meta http-equiv="Content-Type" content="text/html;charset=utf-8" />
  <meta name='ocr-system' content='tesseract 3.04.00' />
  <meta name='ocr-capabilities' content='ocr_page ocr_carea ocr_par ocr_line ocrx_word'/>
</head>
<body>
  <div class='ocr_page' id='page_1' title='image "./virgilwithenglis01virg_0314.png"; bbox 0 0 1430 2335; ppageno 0'>
   <div class='ocr_carea' id='block_1_1' title="bbox 692 109 884 146">
    <p class='ocr_par' dir='ltr' id='par_1_1' title="bbox 692 109 884 146">
     <span class='ocr_line' id='line_1_1' title="bbox 692 109 884 146; baseline 0.005 -1"><span class='ocrx_word' id='word_1_1' title='bbox 692 109 884 146; x_wconf 87' lang='lat' dir='ltr'>VIRGIL</span> 
     </span>
    </p>
   </div>
   <div class='ocr_carea' id='block_1_2' title="bbox 198 183 1368 447">
    <p class='ocr_par' dir='ltr' id='par_1_2' title="bbox 198 183 1368 340">
     <span class='ocr_line' id='line_1_2' title="bbox 199 183 1368 233; baseline 0.003 -14"><span class='ocrx_word' id='word_1_2' title='bbox 199 183 268 220; x_wconf 89' lang='lat' dir='ltr'>sed</span> <span class='ocrx_word' id='word_1_3' title='bbox 290 197 433 233; x_wconf 83' lang='lat' dir='ltr'>magno</span> <span class='ocrx_word' id='word_1_4' title='bbox 451 184 615 221; x_wconf 83' lang='lat' dir='ltr'><strong>Aeneae</strong></span> <span class='ocrx_word' id='word_1_5' title='bbox 634 197 792 221; x_wconf 88' lang='lat' dir='ltr'>mecum</span> <span class='ocrx_word' id='word_1_6' title='bbox 810 189 996 222; x_wconf 86' lang='lat' dir='ltr'>teneatur</span> <span class='ocrx_word' id='word_1_7' title='bbox 1015 198 1158 223; x_wconf 88' lang='lat' dir='ltr'>amore.</span> <span class='ocrx_word' id='word_1_8' title='bbox 1295 184 1368 224; x_wconf 88' lang='grc'>675</span> 
     </span>
     <span class='ocr_line' id='line_1_3' title="bbox 200 237 1318 289; baseline 0.004 -17"><span class='ocrx_word' id='word_1_9' title='bbox 200 250 275 286; x_wconf 87' lang='lat' dir='ltr'>qua</span> <span class='ocrx_word' id='word_1_10' title='bbox 294 237 423 274; x_wconf 81' lang='lat' dir='ltr'>facere</span> <span class='ocrx_word' id='word_1_11' title='bbox 442 238 483 274; x_wconf 89' lang='lat' dir='ltr'>id</span> <span class='ocrx_word' id='word_1_12' title='bbox 502 241 637 288; x_wconf 75' lang='lat' dir='ltr'>possis,</span> <span class='ocrx_word' id='word_1_13' title='bbox 657 244 832 275; x_wconf 88' lang='lat' dir='ltr'>nostram</span> <span class='ocrx_word' id='word_1_14' title='bbox 850 252 956 275; x_wconf 87' lang='lat' dir='ltr'>nunc</span> <span class='ocrx_word' id='word_1_15' title='bbox 974 242 1108 289; x_wconf 84' lang='lat' dir='ltr'>accipe</span> <span class='ocrx_word' id='word_1_16' title='bbox 1128 243 1318 276; x_wconf 77' lang='lat' dir='ltr'><strong>mentem.</strong></span> 
     </span>
     <span class='ocr_line' id='line_1_4' title="bbox 198 291 1010 340; baseline 0.004 -14"><span class='ocrx_word' id='word_1_17' title='bbox 198 293 329 339; x_wconf 85' lang='lat' dir='ltr'>regius</span> <span class='ocrx_word' id='word_1_18' title='bbox 347 294 476 328; x_wconf 86' lang='lat' dir='ltr'>accitu</span> <span class='ocrx_word' id='word_1_19' title='bbox 497 294 574 328; x_wconf 81' lang='lat' dir='ltr'>cari</span> <span class='ocrx_word' id='word_1_20' title='bbox 593 294 784 340; x_wconf 80' lang='lat' dir='ltr'>genitoris</span> <span class='ocrx_word' id='word_1_21' title='bbox 802 291 851 329; x_wconf 88' lang='lat' dir='ltr'>ad</span> <span class='ocrx_word' id='word_1_22' title='bbox 871 293 1010 329; x_wconf 86' lang='lat' dir='ltr'>urbem</span> 
     </span>
    </p>

    <p class='ocr_par' dir='ltr' id='par_1_3' title="bbox 199 343 1160 394">
     <span class='ocr_line' id='line_1_5' title="bbox 199 343 1160 394; baseline 0.002 -14"><span class='ocrx_word' id='word_1_23' title='bbox 199 343 400 380; x_wconf 86' lang='lat' dir='ltr'>Sidoniam</span> <span class='ocrx_word' id='word_1_24' title='bbox 421 358 518 394; x_wconf 84' lang='lat' dir='ltr'>puer</span> <span class='ocrx_word' id='word_1_25' title='bbox 536 348 593 381; x_wconf 90' lang='lat' dir='ltr'>ire</span> <span class='ocrx_word' id='word_1_26' title='bbox 612 351 737 394; x_wconf 86' lang='lat' dir='ltr'>parat,</span> <span class='ocrx_word' id='word_1_27' title='bbox 757 359 844 382; x_wconf 88' lang='lat' dir='ltr'>mea</span> <span class='ocrx_word' id='word_1_28' title='bbox 864 349 1032 382; x_wconf 86' lang='lat' dir='ltr'>maxima</span> <span class='ocrx_word' id='word_1_29' title='bbox 1056 359 1160 392; x_wconf 78' lang='lat' dir='ltr'>cura,</span> 
     </span>
    </p>

    <p class='ocr_par' dir='ltr' id='par_1_4' title="bbox 200 397 1247 447">
     <span class='ocr_line' id='line_1_6' title="bbox 200 397 1247 447; baseline 0.004 -14"><span class='ocrx_word' id='word_1_30' title='bbox 200 397 303 433; x_wconf 84' lang='lat' dir='ltr'>dona</span> <span class='ocrx_word' id='word_1_31' title='bbox 324 397 455 435; x_wconf 83' lang='lat' dir='ltr'>serens</span> <span class='ocrx_word' id='word_1_32' title='bbox 477 399 618 447; x_wconf 79' lang='lat' dir='ltr'>pelago</span> <span class='ocrx_word' id='word_1_33' title='bbox 640 404 682 435; x_wconf 88' lang='lat' dir='ltr'>et</span> <span class='ocrx_word' id='word_1_34' title='bbox 700 399 865 436; x_wconf 85' lang='lat' dir='ltr'>flammis</span> <span class='ocrx_word' id='word_1_35' title='bbox 885 403 1077 436; x_wconf 82' lang='lat' dir='ltr'>restantia</span> <span class='ocrx_word' id='word_1_36' title='bbox 1096 399 1247 438; x_wconf 81' lang='lat' dir='ltr'>Troiae.</span> 
     </span>
    </p>
   </div>
   <div class='ocr_carea' id='block_1_3' title="bbox 198 451 1372 555">
    <p class='ocr_par' dir='ltr' id='par_1_5' title="bbox 198 451 1372 555">
     <span class='ocr_line' id='line_1_7' title="bbox 199 451 1371 502; baseline 0.004 -16"><span class='ocrx_word' id='word_1_37' title='bbox 199 451 305 487; x_wconf 89' lang='lat' dir='ltr'>hunc</span> <span class='ocrx_word' id='word_1_38' title='bbox 325 465 400 501; x_wconf 83' lang='lat' dir='ltr'>ego</span> <span class='ocrx_word' id='word_1_39' title='bbox 418 455 592 501; x_wconf 89' lang='lat' dir='ltr'>sopitum</span> <span class='ocrx_word' id='word_1_40' title='bbox 611 465 747 489; x_wconf 87' lang='lat' dir='ltr'>somno</span> <span class='ocrx_word' id='word_1_41' title='bbox 768 466 885 502; x_wconf 91' lang='lat' dir='ltr'>super</span> <span class='ocrx_word' id='word_1_42' title='bbox 904 453 983 490; x_wconf 82' lang='lat' dir='ltr'>alta</span> <span class='ocrx_word' id='word_1_43' title='bbox 1004 453 1176 502; x_wconf 72' lang='lat' dir='ltr'>Cythera</span> <span class='ocrx_word' id='word_1_44' title='bbox 1295 453 1371 491; x_wconf 83' lang='lat'>680</span> 
     </span>
     <span class='ocr_line' id='line_1_8' title="bbox 198 505 1372 555; baseline 0.003 -15"><span class='ocrx_word' id='word_1_45' title='bbox 198 510 267 542; x_wconf 85' lang='lat' dir='ltr'>aut</span> <span class='ocrx_word' id='word_1_46' title='bbox 286 518 404 555; x_wconf 89' lang='lat' dir='ltr'>super</span> <span class='ocrx_word' id='word_1_47' title='bbox 423 505 592 542; x_wconf 87' lang='lat' dir='ltr'>Idalium</span> <span class='ocrx_word' id='word_1_48' title='bbox 612 511 759 542; x_wconf 83' lang='lat' dir='ltr'>sacrata</span> <span class='ocrx_word' id='word_1_49' title='bbox 779 507 873 543; x_wconf 78' lang='lat' dir='ltr'>sede</span> <span class='ocrx_word' id='word_1_50' title='bbox 894 507 1117 550; x_wconf 83' lang='lat' dir='ltr'>recondam,</span> <span class='ocrx_word' id='word_1_51' title='bbox 1292 520 1372 545; x_wconf 81' lang='lat' dir='ltr'>MPR</span> 
     </span>
    </p>
   </div>
   <div class='ocr_carea' id='block_1_4' title="bbox 189 559 1370 1842">
    <p class='ocr_par' dir='ltr' id='par_1_6' title="bbox 198 559 1194 610">
     <span class='ocr_line' id='line_1_9' title="bbox 198 559 1194 610; baseline 0.003 -16"><span class='ocrx_word' id='word_1_52' title='bbox 198 571 249 595; x_wconf 88' lang='lat' dir='ltr'>ne</span> <span class='ocrx_word' id='word_1_53' title='bbox 269 572 345 608; x_wconf 90' lang='lat' dir='ltr'>qua</span> <span class='ocrx_word' id='word_1_54' title='bbox 366 562 464 596; x_wconf 84' lang='lat' dir='ltr'>scire</span> <span class='ocrx_word' id='word_1_55' title='bbox 485 559 596 595; x_wconf 89' lang='lat' dir='ltr'>dolos</span> <span class='ocrx_word' id='word_1_56' title='bbox 613 559 815 597; x_wconf 89' lang='lat' dir='ltr'>mediusve</span> <span class='ocrx_word' id='word_1_57' title='bbox 836 573 1040 597; x_wconf 87' lang='lat' dir='ltr'>occurrere</span> <span class='ocrx_word' id='word_1_58' title='bbox 1060 564 1194 610; x_wconf 79' lang='lat' dir='ltr'>possit.</span> 
     </span>
    </p>

    <p class='ocr_par' dir='ltr' id='par_1_7' title="bbox 198 612 1134 662">
     <span class='ocr_line' id='line_1_10' title="bbox 198 612 1134 662; baseline 0.002 -14"><span class='ocrx_word' id='word_1_59' title='bbox 198 617 243 648; x_wconf 89' lang='lat' dir='ltr'>tu</span> <span class='ocrx_word' id='word_1_60' title='bbox 262 612 405 649; x_wconf 84' lang='lat' dir='ltr'>faciem</span> <span class='ocrx_word' id='word_1_61' title='bbox 424 613 529 649; x_wconf 91' lang='lat' dir='ltr'>illius</span> <span class='ocrx_word' id='word_1_62' title='bbox 549 618 707 650; x_wconf 90' lang='lat' dir='ltr'>noctem</span> <span class='ocrx_word' id='word_1_63' title='bbox 728 627 806 649; x_wconf 89' lang='lat' dir='ltr'>non</span> <span class='ocrx_word' id='word_1_64' title='bbox 827 614 995 662; x_wconf 88' lang='lat' dir='ltr'>amplius</span> <span class='ocrx_word' id='word_1_65' title='bbox 1015 627 1134 650; x_wconf 89' lang='lat' dir='ltr'>unam</span> 
     </span>
    </p>

    <p class='ocr_par' dir='ltr' id='par_1_8' title="bbox 198 665 1162 716">
     <span class='ocr_line' id='line_1_11' title="bbox 198 665 1162 716; baseline 0.002 -14"><span class='ocrx_word' id='word_1_66' title='bbox 198 665 292 702; x_wconf 85' lang='lat' dir='ltr'>falle</span> <span class='ocrx_word' id='word_1_67' title='bbox 312 666 417 711; x_wconf 82' lang='lat' dir='ltr'>dolo,</span> <span class='ocrx_word' id='word_1_68' title='bbox 436 672 478 703; x_wconf 87' lang='lat' dir='ltr'>et</span> <span class='ocrx_word' id='word_1_69' title='bbox 497 672 612 703; x_wconf 89' lang='lat' dir='ltr'>notos</span> <span class='ocrx_word' id='word_1_70' title='bbox 631 669 743 716; x_wconf 90' lang='lat' dir='ltr'>pueri</span> <span class='ocrx_word' id='word_1_71' title='bbox 763 680 862 716; x_wconf 85' lang='lat' dir='ltr'>puer</span> <span class='ocrx_word' id='word_1_72' title='bbox 879 667 1000 704; x_wconf 82' lang='lat' dir='ltr'>indue</span> <span class='ocrx_word' id='word_1_73' title='bbox 1019 668 1162 715; x_wconf 75' lang='lat' dir='ltr'>voltus,</span> 
     </span>
    </p>

    <p class='ocr_par' dir='ltr' id='par_1_9' title="bbox 198 720 1370 769">
     <span class='ocr_line' id='line_1_12' title="bbox 198 720 1370 769; baseline 0.002 -13"><span class='ocrx_word' id='word_1_74' title='bbox 198 724 256 765; x_wconf 75' lang='lat' dir='ltr'>ut,</span> <span class='ocrx_word' id='word_1_75' title='bbox 275 733 364 756; x_wconf 90' lang='lat' dir='ltr'>cum</span> <span class='ocrx_word' id='word_1_76' title='bbox 384 725 424 756; x_wconf 91' lang='lat' dir='ltr'>te</span> <span class='ocrx_word' id='word_1_77' title='bbox 447 723 599 769; x_wconf 85' lang='lat' dir='ltr'>gremio</span> <span class='ocrx_word' id='word_1_78' title='bbox 618 723 788 769; x_wconf 76' lang='lat' dir='ltr'>accipiet</span> <span class='ocrx_word' id='word_1_79' title='bbox 803 720 1019 757; x_wconf 76' lang='lat' dir='ltr'>laetissima</span> <span class='ocrx_word' id='word_1_80' title='bbox 1040 721 1144 758; x_wconf 91' lang='lat' dir='ltr'>Dido</span> <span class='ocrx_word' id='word_1_81' title='bbox 1264 734 1370 759; x_wconf 81' lang='lat' dir='ltr'>GMPR</span> 
     </span>
    </p>

    <p class='ocr_par' dir='ltr' id='par_1_10' title="bbox 197 773 1370 824">
     <span class='ocr_line' id='line_1_13' title="bbox 197 773 1370 824; baseline 0.003 -15"><span class='ocrx_word' id='word_1_82' title='bbox 197 773 341 822; x_wconf 86' lang='lat' dir='ltr'>regalis</span> <span class='ocrx_word' id='word_1_83' title='bbox 361 776 466 810; x_wconf 87' lang='lat' dir='ltr'>inter</span> <span class='ocrx_word' id='word_1_84' title='bbox 484 787 640 811; x_wconf 87' lang='lat' dir='ltr'>mensas</span> <span class='ocrx_word' id='word_1_85' title='bbox 659 774 898 824; x_wconf 88' lang='lat' dir='ltr'>laticemque</span> <span class='ocrx_word' id='word_1_86' title='bbox 918 774 1108 824; x_wconf 83' lang='lat' dir='ltr'>Lyaeum,</span> <span class='ocrx_word' id='word_1_87' title='bbox 1294 774 1370 812; x_wconf 82' lang='lat'>686</span> 
     </span>
    </p>

    <p class='ocr_par' dir='ltr' id='par_1_11' title="bbox 198 827 1211 877">
     <span class='ocr_line' id='line_1_14' title="bbox 198 827 1211 877; baseline 0.003 -15"><span class='ocrx_word' id='word_1_88' title='bbox 198 840 286 863; x_wconf 89' lang='lat' dir='ltr'>cum</span> <span class='ocrx_word' id='word_1_89' title='bbox 307 827 418 864; x_wconf 88' lang='lat' dir='ltr'>dabit</span> <span class='ocrx_word' id='word_1_90' title='bbox 437 827 642 877; x_wconf 85' lang='lat' dir='ltr'>amplexus</span> <span class='ocrx_word' id='word_1_91' title='bbox 661 833 781 877; x_wconf 87' lang='lat' dir='ltr'>atque</span> <span class='ocrx_word' id='word_1_92' title='bbox 801 828 932 864; x_wconf 91' lang='lat' dir='ltr'>oscula</span> <span class='ocrx_word' id='word_1_93' title='bbox 953 827 1081 864; x_wconf 86' lang='lat' dir='ltr'>dulcia</span> <span class='ocrx_word' id='word_1_94' title='bbox 1103 828 1211 876; x_wconf 75' lang='lat' dir='ltr'>figet,</span> 
     </span>
    </p>

    <p class='ocr_par' dir='ltr' id='par_1_12' title="bbox 196 880 1166 930">
     <span class='ocr_line' id='line_1_15' title="bbox 196 880 1166 930; baseline 0 -13"><span class='ocrx_word' id='word_1_95' title='bbox 196 880 397 917; x_wconf 81' lang='lat' dir='ltr'>occultum</span> <span class='ocrx_word' id='word_1_96' title='bbox 419 884 586 930; x_wconf 80' lang='lat' dir='ltr'>inspires</span> <span class='ocrx_word' id='word_1_97' title='bbox 605 884 740 930; x_wconf 83' lang='lat' dir='ltr'>ignem</span> <span class='ocrx_word' id='word_1_98' title='bbox 761 881 952 930; x_wconf 84' lang='lat' dir='ltr'>fallasque</span> <span class='ocrx_word' id='word_1_99' title='bbox 973 882 1166 918; x_wconf 83' lang='lat' dir='ltr'>veneno.&#39;&#39;</span> 
     </span>
    </p>

    <p class='ocr_par' dir='ltr' id='par_1_13' title="bbox 196 935 1107 984">
     <span class='ocr_line' id='line_1_16' title="bbox 196 935 1107 984; baseline 0.001 -14"><span class='ocrx_word' id='word_1_100' title='bbox 196 939 310 983; x_wconf 86' lang='lat' dir='ltr'>paret</span> <span class='ocrx_word' id='word_1_101' title='bbox 325 935 446 971; x_wconf 86' lang='lat' dir='ltr'>Amor</span> <span class='ocrx_word' id='word_1_102' title='bbox 465 935 582 971; x_wconf 86' lang='lat' dir='ltr'>dictis</span> <span class='ocrx_word' id='word_1_103' title='bbox 602 948 713 972; x_wconf 85' lang='lat' dir='ltr'>carae</span> <span class='ocrx_word' id='word_1_104' title='bbox 733 938 948 984; x_wconf 75' lang='lat' dir='ltr'>genetricis</span> <span class='ocrx_word' id='word_1_105' title='bbox 967 940 1009 971; x_wconf 89' lang='lat' dir='ltr'>et</span> <span class='ocrx_word' id='word_1_106' title='bbox 1027 935 1107 971; x_wconf 88' lang='lat' dir='ltr'>alas</span> 
     </span>
    </p>

    <p class='ocr_par' dir='ltr' id='par_1_14' title="bbox 196 987 1368 1037">
     <span class='ocr_line' id='line_1_17' title="bbox 196 987 1368 1037; baseline 0 -13"><span class='ocrx_word' id='word_1_107' title='bbox 196 991 306 1024; x_wconf 80' lang='lat' dir='ltr'>exuit</span> <span class='ocrx_word' id='word_1_108' title='bbox 326 993 368 1025; x_wconf 88' lang='lat' dir='ltr'>et</span> <span class='ocrx_word' id='word_1_109' title='bbox 387 1001 523 1037; x_wconf 83' lang='lat' dir='ltr'>gressu</span> <span class='ocrx_word' id='word_1_110' title='bbox 545 988 723 1037; x_wconf 87' lang='lat' dir='ltr'>gaudens</span> <span class='ocrx_word' id='word_1_111' title='bbox 742 988 894 1025; x_wconf 76' lang='lat' dir='ltr'>incedit</span> <span class='ocrx_word' id='word_1_112' title='bbox 921 988 1005 1025; x_wconf 90' lang='lat' dir='ltr'>luli.</span> <span class='ocrx_word' id='word_1_113' title='bbox 1292 987 1368 1031; x_wconf 84' lang='lat'>690</span> 
     </span>
    </p>

    <p class='ocr_par' dir='ltr' id='par_1_15' title="bbox 195 1041 1278 1091">
     <span class='ocr_line' id='line_1_18' title="bbox 195 1041 1278 1091; baseline 0.001 -14"><span class='ocrx_word' id='word_1_114' title='bbox 195 1047 236 1077; x_wconf 90' lang='lat' dir='ltr'>at</span> <span class='ocrx_word' id='word_1_115' title='bbox 256 1041 390 1078; x_wconf 86' lang='lat' dir='ltr'>Venus</span> <span class='ocrx_word' id='word_1_116' title='bbox 410 1042 582 1078; x_wconf 86' lang='lat' dir='ltr'>Ascanio</span> <span class='ocrx_word' id='word_1_117' title='bbox 601 1042 795 1091; x_wconf 80' lang='lat' dir='ltr'>placidam</span> <span class='ocrx_word' id='word_1_118' title='bbox 816 1055 887 1091; x_wconf 88' lang='lat' dir='ltr'>per</span> <span class='ocrx_word' id='word_1_119' title='bbox 906 1042 1081 1079; x_wconf 87' lang='lat' dir='ltr'>membra</span> <span class='ocrx_word' id='word_1_120' title='bbox 1101 1045 1278 1091; x_wconf 83' lang='lat' dir='ltr'>quietem</span> 
     </span>
    </p>

    <p class='ocr_par' dir='ltr' id='par_1_16' title="bbox 195 1095 1136 1145">
     <span class='ocr_line' id='line_1_19' title="bbox 195 1095 1136 1145; baseline 0.001 -14"><span class='ocrx_word' id='word_1_121' title='bbox 195 1098 354 1143; x_wconf 76' lang='lat' dir='ltr'>inrigat,</span> <span class='ocrx_word' id='word_1_122' title='bbox 375 1100 416 1132; x_wconf 87' lang='lat' dir='ltr'>et</span> <span class='ocrx_word' id='word_1_123' title='bbox 436 1095 564 1132; x_wconf 88' lang='lat' dir='ltr'>fotum</span> <span class='ocrx_word' id='word_1_124' title='bbox 583 1098 734 1145; x_wconf 82' lang='lat' dir='ltr'>gremio</span> <span class='ocrx_word' id='word_1_125' title='bbox 753 1096 829 1132; x_wconf 84' lang='lat' dir='ltr'>dea</span> <span class='ocrx_word' id='word_1_126' title='bbox 849 1095 956 1132; x_wconf 88' lang='lat' dir='ltr'>tollit</span> <span class='ocrx_word' id='word_1_127' title='bbox 975 1098 1016 1131; x_wconf 94' lang='lat' dir='ltr'>in</span> <span class='ocrx_word' id='word_1_128' title='bbox 1035 1096 1136 1133; x_wconf 88' lang='lat' dir='ltr'>altos</span> 
     </span>
    </p>

    <p class='ocr_par' dir='ltr' id='par_1_17' title="bbox 195 1148 1066 1194">
     <span class='ocr_line' id='line_1_20' title="bbox 195 1148 1066 1194; baseline 0.001 -10"><span class='ocrx_word' id='word_1_129' title='bbox 195 1148 343 1185; x_wconf 82' lang='lat' dir='ltr'>Idaliae</span> <span class='ocrx_word' id='word_1_130' title='bbox 362 1149 482 1194; x_wconf 79' lang='lat' dir='ltr'>lucos,</span> <span class='ocrx_word' id='word_1_131' title='bbox 502 1150 567 1185; x_wconf 86' lang='lat' dir='ltr'>ubi</span> <span class='ocrx_word' id='word_1_132' title='bbox 587 1149 716 1186; x_wconf 89' lang='lat' dir='ltr'>mollis</span> <span class='ocrx_word' id='word_1_133' title='bbox 735 1162 938 1186; x_wconf 84' lang='lat' dir='ltr'>amaracus</span> <span class='ocrx_word' id='word_1_134' title='bbox 956 1149 1066 1185; x_wconf 90' lang='lat' dir='ltr'>illum</span> 
     </span>
    </p>

    <p class='ocr_par' dir='ltr' id='par_1_18' title="bbox 193 1202 1366 1306">
     <span class='ocr_line' id='line_1_21' title="bbox 193 1202 1221 1252; baseline 0 -14"><span class='ocrx_word' id='word_1_135' title='bbox 193 1202 350 1239; x_wconf 87' lang='lat' dir='ltr'>floribus</span> <span class='ocrx_word' id='word_1_136' title='bbox 372 1208 413 1239; x_wconf 86' lang='lat' dir='ltr'>et</span> <span class='ocrx_word' id='word_1_137' title='bbox 432 1202 538 1239; x_wconf 89' lang='lat' dir='ltr'>dulci</span> <span class='ocrx_word' id='word_1_138' title='bbox 556 1203 759 1252; x_wconf 84' lang='lat' dir='ltr'>adspirans</span> <span class='ocrx_word' id='word_1_139' title='bbox 777 1202 1055 1252; x_wconf 80' lang='lat' dir='ltr'>complectitur</span> <span class='ocrx_word' id='word_1_140' title='bbox 1075 1203 1221 1238; x_wconf 88' lang='lat' dir='ltr'>umbra.</span> 
     </span>
     <span class='ocr_line' id='line_1_22' title="bbox 249 1254 1366 1306; baseline 0.002 -15"><span class='ocrx_word' id='word_1_141' title='bbox 249 1256 410 1306; x_wconf 88' lang='lat' dir='ltr'>Iamque</span> <span class='ocrx_word' id='word_1_142' title='bbox 430 1257 514 1293; x_wconf 86' lang='lat' dir='ltr'>ibat</span> <span class='ocrx_word' id='word_1_143' title='bbox 533 1256 641 1292; x_wconf 80' lang='lat' dir='ltr'>dicto</span> <span class='ocrx_word' id='word_1_144' title='bbox 660 1270 801 1306; x_wconf 65' lang='lat' dir='ltr'>parens</span> <span class='ocrx_word' id='word_1_145' title='bbox 822 1261 863 1292; x_wconf 90' lang='lat' dir='ltr'>et</span> <span class='ocrx_word' id='word_1_146' title='bbox 883 1257 986 1293; x_wconf 88' lang='lat' dir='ltr'>dona</span> <span class='ocrx_word' id='word_1_147' title='bbox 1007 1256 1159 1305; x_wconf 90' lang='lat' dir='ltr'>Cupido</span> <span class='ocrx_word' id='word_1_148' title='bbox 1291 1254 1366 1297; x_wconf 78' lang='lat'>695</span> 
     </span>
    </p>

    <p class='ocr_par' dir='ltr' id='par_1_19' title="bbox 193 1309 1119 1359">
     <span class='ocr_line' id='line_1_23' title="bbox 193 1309 1119 1359; baseline 0 -14"><span class='ocrx_word' id='word_1_149' title='bbox 193 1313 299 1359; x_wconf 79' lang='lat' dir='ltr'>regia</span> <span class='ocrx_word' id='word_1_150' title='bbox 320 1311 503 1359; x_wconf 82' lang='lat' dir='ltr'>portabat</span> <span class='ocrx_word' id='word_1_151' title='bbox 522 1309 662 1359; x_wconf 71' lang='lat' dir='ltr'>Tyriis,</span> <span class='ocrx_word' id='word_1_152' title='bbox 682 1310 782 1346; x_wconf 88' lang='lat' dir='ltr'>duce</span> <span class='ocrx_word' id='word_1_153' title='bbox 803 1310 930 1346; x_wconf 85' lang='lat' dir='ltr'>laetus</span> <span class='ocrx_word' id='word_1_154' title='bbox 952 1310 1119 1346; x_wconf 80' lang='lat' dir='ltr'>Achate.</span> 
     </span>
    </p>

    <p class='ocr_par' dir='ltr' id='par_1_20' title="bbox 193 1364 1103 1413">
     <span class='ocr_line' id='line_1_24' title="bbox 193 1364 1103 1413; baseline -0.001 -13"><span class='ocrx_word' id='word_1_155' title='bbox 193 1377 282 1400; x_wconf 90' lang='lat' dir='ltr'>cum</span> <span class='ocrx_word' id='word_1_156' title='bbox 303 1366 424 1409; x_wconf 80' lang='lat' dir='ltr'>venit,</span> <span class='ocrx_word' id='word_1_157' title='bbox 444 1364 591 1399; x_wconf 87' lang='lat' dir='ltr'>aulaeis</span> <span class='ocrx_word' id='word_1_158' title='bbox 610 1366 687 1399; x_wconf 83' lang='lat' dir='ltr'>iam</span> <span class='ocrx_word' id='word_1_159' title='bbox 707 1376 748 1400; x_wconf 86' lang='lat' dir='ltr'>se</span> <span class='ocrx_word' id='word_1_160' title='bbox 769 1366 906 1413; x_wconf 81' lang='lat' dir='ltr'>regina</span> <span class='ocrx_word' id='word_1_161' title='bbox 926 1364 1103 1413; x_wconf 84' lang='lat' dir='ltr'>superbis</span> 
     </span>
    </p>

    <p class='ocr_par' dir='ltr' id='par_1_21' title="bbox 191 1417 1159 1466">
     <span class='ocr_line' id='line_1_25' title="bbox 191 1417 1159 1466; baseline -0.001 -13"><span class='ocrx_word' id='word_1_162' title='bbox 191 1430 308 1453; x_wconf 84' lang='lat' dir='ltr'>aurea</span> <span class='ocrx_word' id='word_1_163' title='bbox 328 1420 549 1466; x_wconf 88' lang='lat' dir='ltr'>composuit</span> <span class='ocrx_word' id='word_1_164' title='bbox 570 1418 720 1466; x_wconf 86' lang='lat' dir='ltr'>sponda</span> <span class='ocrx_word' id='word_1_165' title='bbox 733 1418 982 1466; x_wconf 85' lang='lat' dir='ltr'>mediamque</span> <span class='ocrx_word' id='word_1_166' title='bbox 1002 1417 1159 1463; x_wconf 82' lang='lat' dir='ltr'>locavit,</span> 
     </span>
    </p>

    <p class='ocr_par' dir='ltr' id='par_1_22' title="bbox 192 1471 1131 1520">
     <span class='ocr_line' id='line_1_26' title="bbox 192 1471 1131 1520; baseline 0 -14"><span class='ocrx_word' id='word_1_167' title='bbox 192 1473 267 1506; x_wconf 85' lang='lat' dir='ltr'>iam</span> <span class='ocrx_word' id='word_1_168' title='bbox 290 1476 403 1520; x_wconf 81' lang='lat' dir='ltr'>pater</span> <span class='ocrx_word' id='word_1_169' title='bbox 424 1473 580 1507; x_wconf 76' lang='lat' dir='ltr'>Aeneas</span> <span class='ocrx_word' id='word_1_170' title='bbox 600 1475 643 1507; x_wconf 87' lang='lat' dir='ltr'>et</span> <span class='ocrx_word' id='word_1_171' title='bbox 661 1473 737 1506; x_wconf 86' lang='lat' dir='ltr'>iam</span> <span class='ocrx_word' id='word_1_172' title='bbox 757 1471 927 1507; x_wconf 83' lang='lat' dir='ltr'>Troiana</span> <span class='ocrx_word' id='word_1_173' title='bbox 946 1473 1131 1507; x_wconf 76' lang='lat' dir='ltr'>iuventus</span> 
     </span>
    </p>

    <p class='ocr_par' dir='ltr' id='par_1_23' title="bbox 192 1524 1365 1574">
     <span class='ocr_line' id='line_1_27' title="bbox 192 1524 1365 1574; baseline 0.001 -15"><span class='ocrx_word' id='word_1_174' title='bbox 192 1527 448 1568; x_wconf 86' lang='lat' dir='ltr'>conveniunt,</span> <span class='ocrx_word' id='word_1_175' title='bbox 468 1529 670 1574; x_wconf 82' lang='lat' dir='ltr'>stratoque</span> <span class='ocrx_word' id='word_1_176' title='bbox 686 1537 803 1573; x_wconf 80' lang='lat' dir='ltr'>super</span> <span class='ocrx_word' id='word_1_177' title='bbox 822 1524 1084 1561; x_wconf 80' lang='lat' dir='ltr'>discumbitur</span> <span class='ocrx_word' id='word_1_178' title='bbox 1103 1529 1218 1560; x_wconf 71' lang='lat' dir='ltr'>ostro.</span> <span class='ocrx_word' id='word_1_179' title='bbox 1290 1525 1365 1562; x_wconf 81' lang='lat'>700</span> 
     </span>
    </p>

    <p class='ocr_par' dir='ltr' id='par_1_24' title="bbox 191 1577 1321 1627">
     <span class='ocr_line' id='line_1_28' title="bbox 191 1577 1321 1627; baseline 0.001 -14"><span class='ocrx_word' id='word_1_180' title='bbox 191 1577 289 1614; x_wconf 86' lang='lat' dir='ltr'>dant</span> <span class='ocrx_word' id='word_1_181' title='bbox 306 1579 486 1615; x_wconf 86' lang='lat' dir='ltr'>manibus</span> <span class='ocrx_word' id='word_1_182' title='bbox 506 1577 641 1613; x_wconf 86' lang='lat' dir='ltr'>famuli</span> <span class='ocrx_word' id='word_1_183' title='bbox 660 1577 840 1627; x_wconf 74' lang='lat' dir='ltr'>lymphas</span> <span class='ocrx_word' id='word_1_184' title='bbox 860 1578 1122 1627; x_wconf 78' lang='lat' dir='ltr'>Cereremque</span> <span class='ocrx_word' id='word_1_185' title='bbox 1143 1580 1321 1614; x_wconf 78' lang='lat' dir='ltr'>canistris</span> 
     </span>
    </p>

    <p class='ocr_par' dir='ltr' id='par_1_25' title="bbox 191 1631 1125 1680">
     <span class='ocr_line' id='line_1_29' title="bbox 191 1631 1125 1680; baseline 0.001 -14"><span class='ocrx_word' id='word_1_186' title='bbox 191 1631 411 1680; x_wconf 81' lang='lat' dir='ltr'>expediunt</span> <span class='ocrx_word' id='word_1_187' title='bbox 430 1634 631 1680; x_wconf 83' lang='lat' dir='ltr'>tonsisque</span> <span class='ocrx_word' id='word_1_188' title='bbox 651 1631 786 1667; x_wconf 88' lang='lat' dir='ltr'>ferunt</span> <span class='ocrx_word' id='word_1_189' title='bbox 805 1631 995 1667; x_wconf 84' lang='lat' dir='ltr'>mantelia</span> <span class='ocrx_word' id='word_1_190' title='bbox 1014 1631 1125 1667; x_wconf 81' lang='lat' dir='ltr'>villis.</span> 
     </span>
    </p>

    <p class='ocr_par' dir='ltr' id='par_1_26' title="bbox 191 1684 1264 1734">
     <span class='ocr_line' id='line_1_30' title="bbox 191 1684 1264 1734; baseline 0 -14"><span class='ocrx_word' id='word_1_191' title='bbox 191 1687 478 1734; x_wconf 80' lang='lat' dir='ltr'>quinquaginta</span> <span class='ocrx_word' id='word_1_192' title='bbox 497 1687 604 1720; x_wconf 88' lang='lat' dir='ltr'>intus</span> <span class='ocrx_word' id='word_1_193' title='bbox 624 1684 807 1729; x_wconf 81' lang='lat' dir='ltr'>famulae,</span> <span class='ocrx_word' id='word_1_194' title='bbox 828 1685 968 1734; x_wconf 88' lang='lat' dir='ltr'>quibus</span> <span class='ocrx_word' id='word_1_195' title='bbox 987 1685 1124 1721; x_wconf 90' lang='lat' dir='ltr'>ordine</span> <span class='ocrx_word' id='word_1_196' title='bbox 1144 1684 1264 1734; x_wconf 79' lang='lat' dir='ltr'>longo</span> 
     </span>
    </p>

    <p class='ocr_par' dir='ltr' id='par_1_27' title="bbox 190 1737 1250 1787">
     <span class='ocr_line' id='line_1_31' title="bbox 190 1737 1250 1787; baseline 0.001 -14"><span class='ocrx_word' id='word_1_197' title='bbox 190 1751 280 1774; x_wconf 86' lang='lat' dir='ltr'>cura</span> <span class='ocrx_word' id='word_1_198' title='bbox 302 1751 449 1787; x_wconf 89' lang='lat' dir='ltr'>penum</span> <span class='ocrx_word' id='word_1_199' title='bbox 469 1743 621 1774; x_wconf 75' lang='lat' dir='ltr'>struere</span> <span class='ocrx_word' id='word_1_200' title='bbox 643 1743 684 1774; x_wconf 84' lang='lat' dir='ltr'>et</span> <span class='ocrx_word' id='word_1_201' title='bbox 703 1737 866 1774; x_wconf 83' lang='lat' dir='ltr'>flammis</span> <span class='ocrx_word' id='word_1_202' title='bbox 885 1737 1044 1775; x_wconf 87' lang='lat' dir='ltr'>adolere</span> <span class='ocrx_word' id='word_1_203' title='bbox 1066 1738 1223 1774; x_wconf 74' lang='lat' dir='ltr'>Penatis</span> <span class='ocrx_word' id='word_1_204' title='bbox 1242 1750 1250 1781; x_wconf 82' lang='lat'><em>3</em></span> 
     </span>
    </p>

    <p class='ocr_par' dir='ltr' id='par_1_28' title="bbox 189 1791 1362 1842">
     <span class='ocr_line' id='line_1_32' title="bbox 189 1791 1362 1842; baseline 0.002 -15"><span class='ocrx_word' id='word_1_205' title='bbox 189 1796 351 1828; x_wconf 83' lang='lat' dir='ltr'>centum</span> <span class='ocrx_word' id='word_1_206' title='bbox 370 1792 468 1828; x_wconf 86' lang='lat' dir='ltr'>aliae</span> <span class='ocrx_word' id='word_1_207' title='bbox 488 1791 738 1841; x_wconf 82' lang='lat' dir='ltr'>totidemque</span> <span class='ocrx_word' id='word_1_208' title='bbox 761 1804 874 1842; x_wconf 87' lang='lat' dir='ltr'>pares</span> <span class='ocrx_word' id='word_1_209' title='bbox 898 1796 1030 1829; x_wconf 86' lang='lat' dir='ltr'>aetate</span> <span class='ocrx_word' id='word_1_210' title='bbox 1050 1794 1233 1837; x_wconf 82' lang='lat' dir='ltr'>ministri,</span> <span class='ocrx_word' id='word_1_211' title='bbox 1290 1794 1362 1831; x_wconf 80' lang='lat'>705</span> 
     </span>
    </p>
   </div>
   <div class='ocr_carea' id='block_1_5' title="bbox 230 1900 1361 2026">
    <p class='ocr_par' dir='ltr' id='par_1_29' title="bbox 230 1900 1361 2026">
     <span class='ocr_line' id='line_1_33' title="bbox 230 1900 592 1939; baseline 0.011 -12"><span class='ocrx_word' id='word_1_212' title='bbox 230 1900 274 1919; x_wconf 73' lang='lat'>⁶⁷⁶</span> <span class='ocrx_word' id='word_1_213' title='bbox 298 1911 398 1937; x_wconf 76' lang='lat' dir='ltr'>quain</span> <span class='ocrx_word' id='word_1_214' title='bbox 415 1912 457 1939; x_wconf 75' lang='grc' dir='ltr'>’γε</span> <span class='ocrx_word' id='word_1_215' title='bbox 483 1910 549 1937; x_wconf 83' lang='lat' dir='ltr'>quo</span> <span class='ocrx_word' id='word_1_216' title='bbox 566 1900 592 1931; x_wconf 87' lang='lat' dir='ltr'>b.</span> 
     </span>
     <span class='ocr_line' id='line_1_34' title="bbox 230 1942 1244 1983; baseline 0.001 -9"><span class='ocrx_word' id='word_1_217' title='bbox 230 1943 273 1962; x_wconf 75' lang='lat'>⁷⁰¹</span> <span class='ocrx_word' id='word_1_218' title='bbox 298 1944 339 1974; x_wconf 82' lang='lat' dir='ltr'>In</span> <span class='ocrx_word' id='word_1_219' title='bbox 356 1944 395 1973; x_wconf 74' lang='lat' dir='ltr'><em>M</em></span> <span class='ocrx_word' id='word_1_220' title='bbox 408 1944 442 1973; x_wconf 76' lang='lat' dir='ltr'><em>ll..</em></span> <span class='ocrx_word' id='word_1_221' title='bbox 461 1944 607 1976; x_wconf 70' lang='lat' dir='ltr'>Tul-708</span> <span class='ocrx_word' id='word_1_222' title='bbox 617 1943 729 1983; x_wconf 81' lang='lat' dir='ltr'>follow</span> <span class='ocrx_word' id='word_1_223' title='bbox 743 1943 777 1974; x_wconf 82' lang='lat' dir='ltr'>ll.</span> <span class='ocrx_word' id='word_1_224' title='bbox 800 1942 957 1976; x_wconf 74' lang='lat'>709-716.</span> <span class='ocrx_word' id='word_1_225' title='bbox 1004 1944 1151 1975; x_wconf 83' lang='lat' dir='ltr'>famulae</span> <span class='ocrx_word' id='word_1_226' title='bbox 1166 1944 1244 1975; x_wconf 76' lang='lat' dir='ltr'>MP.</span> 
     </span>
     <span class='ocr_line' id='line_1_35' title="bbox 231 1986 1361 2026; baseline 0.003 -10"><span class='ocrx_word' id='word_1_227' title='bbox 231 1986 274 2005; x_wconf 76' lang='lat'>⁷⁰³</span> <span class='ocrx_word' id='word_1_228' title='bbox 297 1987 433 2025; x_wconf 79' lang='lat' dir='ltr'>longam</span> <span class='ocrx_word' id='word_1_229' title='bbox 449 1987 628 2025; x_wconf 68' lang='lat' dir='ltr'>Charisius,</span> <span class='ocrx_word' id='word_1_230' title='bbox 646 1986 760 2017; x_wconf 75' lang='lat' dir='ltr'><em>known</em></span> <span class='ocrx_word' id='word_1_231' title='bbox 775 1990 804 2018; x_wconf 77' lang='lat' dir='ltr'>to</span> <span class='ocrx_word' id='word_1_232' title='bbox 819 1986 940 2018; x_wconf 66' lang='lat' dir='ltr'>Gellius</span> <span class='ocrx_word' id='word_1_233' title='bbox 952 1999 961 2019; x_wconf 95' lang='lat'><em>:</em></span> <span class='ocrx_word' id='word_1_234' title='bbox 983 1987 1085 2026; x_wconf 87' lang='lat' dir='ltr'>longo</span> <span class='ocrx_word' id='word_1_235' title='bbox 1096 1987 1207 2026; x_wconf 65' lang='lat' dir='ltr'>MSS„</span> <span class='ocrx_word' id='word_1_236' title='bbox 1222 1987 1361 2020; x_wconf 75' lang='lat' dir='ltr'>Servius.</span> 
     </span>
    </p>
   </div>
   <div class='ocr_carea' id='block_1_6' title="bbox 190 2067 262 2099">
    <p class='ocr_par' dir='ltr' id='par_1_30' title="bbox 190 2067 262 2099">
     <span class='ocr_line' id='line_1_36' title="bbox 190 2067 262 2099; baseline 0 -1"><span class='ocrx_word' id='word_1_237' title='bbox 190 2067 262 2099; x_wconf 70' lang='lat'>288</span> 
     </span>
    </p>
   </div>
  </div>
 </body>
</html>
