1430 2335
697 92 888 130 VIRGIL

205 170 401 219 mellaque
421 170 595 207 decussit
614 169 730 216 foliis,
748 173 962 221 ignemque
981 176 1162 219 removit,

205 230 247 260 et
266 227 408 273 passim
428 227 519 260 rivis
538 227 737 260 currentia
755 227 845 260 vina
864 229 1064 274 repressit,

205 282 249 314 ut
269 280 391 313 varias
411 290 502 313 usus
521 277 753 314 meditando
773 279 1014 315 extunderet
1032 283 1126 316 artis

204 330 394 379 paulatim
414 335 456 367 et
475 330 590 367 sulcis
610 330 800 368 frumenti
820 337 1029 380 quaereret
1046 332 1223 378 herbam,

204 389 246 420 et
265 383 382 420 silicis
402 386 512 420 venis
531 385 754 420 abstrusum
775 385 991 422 excuderet
1009 388 1155 434 ignem.
1304 388 1375 425 135

203 442 298 473 tunc
317 437 427 474 alnos
446 440 616 486 primum
636 437 740 473 fluvii
760 451 919 475 sensere
939 445 1117 483 cavatas3

202 493 334 527 navita
353 495 439 527 tum
459 490 583 528 stellis
602 504 787 527 numeros
808 497 850 528 et
868 495 1027 528 nomina
1047 491 1154 537 fecit,

204 543 394 588 Pleiadas,
418 544 593 593 Hyadas,
613 544 835 593 claramque
857 544 1048 594 Lycaonis
1068 546 1242 590 Arcton;

202 602 286 634 tum
308 597 457 647 laqueis
477 603 636 647 captare
656 597 758 634 feras
779 603 820 635 et
839 598 977 635 fallere
997 601 1100 635 visco

201 654 408 687 inventum
430 656 472 687 et
490 664 653 699 magnos
673 652 833 688 canibus
854 651 1096 688 circumdare
1116 652 1261 697 saltus;
1303 653 1375 690 140

201 709 321 753 atque
341 705 439 740 alius
457 704 582 741 latum
602 704 725 740 funda
744 708 821 740 iam
841 705 1023 742 verberat
1041 718 1199 742 amnem

201 757 280 794 alta
299 763 455 806 petens,
474 758 695 807 pelagoque
714 758 812 794 alius
832 758 955 795 trahit
975 758 1107 795 umida
1126 759 1231 804 lina;

201 816 286 847 tum
307 811 400 847 ferri
419 814 524 859 rigor
542 817 662 861 atque
682 817 846 860 argutae
865 812 1051 848 lammina
1070 825 1200 849 serrae

200 864 308 914 (nam
328 867 442 913 primi
462 867 598 901 cuneis
616 865 851 901 scindebant
871 865 986 902 fissile
1005 864 1190 915 lignum),

200 923 285 954 tum
307 921 435 954 variae
456 931 600 954 venere
619 923 735 956 artes.
785 918 901 965 ‚labor
920 922 1050 954 omnia
1070 922 1165 956 vicit
1301 920 1374 957 145

200 972 400 1020 improbus
421 976 462 1008 et
482 971 588 1008 duris
608 985 753 1020 urgens
772 974 813 1007 in
833 973 949 1008 rebus
969 977 1135 1021 egestas.

200 1028 324 1074 prima
345 1025 462 1061 Ceres
482 1024 586 1061 ferro
605 1025 781 1062 mortalis
801 1031 955 1062 vertere
975 1031 1120 1062 terram

200 1081 388 1122 instituit,
410 1091 497 1114 cum
519 1081 595 1114 iam
615 1078 780 1127 glandes
800 1084 921 1128 atque
940 1079 1079 1115 arbuta
1099 1091 1229 1115 sacrae

201 1131 419 1168 deficerent
439 1132 559 1168 silvae
579 1137 622 1168 et
642 1135 790 1168 victum
811 1131 979 1168 Dodona
999 1138 1175 1181 negaret.

199 1198 289 1221 mox
309 1191 351 1221 et
370 1185 578 1221 frumentis
599 1185 708 1221 labor
727 1185 899 1230 additus,
918 1191 963 1222 ut
981 1186 1084 1221 mala
1102 1185 1250 1222 culmos
1301 1186 1375 1224 150

201 1243 306 1275 esset
326 1239 462 1286 robigo
483 1241 694 1288 segnisque
715 1238 894 1275 horreret
912 1241 953 1274 in
972 1242 1072 1275 arvis

199 1292 387 1335 carduus3
417 1295 623 1328 intereunt
642 1297 812 1340 segetes,
833 1293 940 1328 subit
958 1305 1095 1340 aspera
1116 1293 1224 1338 silva,

198 1345 419 1394 lappaeque
439 1345 665 1394 tribolique,
684 1348 867 1394 interque
884 1348 1056 1382 nitentia
1075 1346 1181 1382 culta

198 1398 336 1435 infelix
357 1398 493 1434 lolium
513 1403 555 1435 et
575 1398 729 1435 steriles
750 1399 1003 1435 dominantur
1021 1412 1183 1444 avenae,

198 1452 302 1501 quod
323 1454 396 1488 nisi
418 1456 460 1488 et
478 1451 651 1488 adsiduis
671 1451 834 1488 herbam
854 1453 1101 1489 insectabere
1122 1455 1252 1489 rastris
1303 1455 1373 1492 155

198 1510 240 1541 et
259 1508 388 1541 sonitu
409 1505 575 1541 terrebis
596 1518 686 1541 aves
706 1510 748 1541 et
767 1508 864 1541 ruris
884 1508 994 1554 opaci

198 1558 299 1594 falce
320 1571 475 1607 premes
495 1559 673 1594 umbram
694 1561 873 1607 votisque
893 1561 1090 1595 vocaveris
1110 1559 1289 1604 imbrem,

198 1611 274 1648 heu
296 1624 483 1660 magnum
503 1611 664 1648 alterius
684 1611 828 1648 frustra
847 1612 1043 1660 spectabis
1062 1624 1244 1648 acervum

197 1677 463 1713 concussaque
484 1665 628 1701 famem
650 1668 689 1700 in
710 1665 815 1701 silvis
835 1665 1011 1701 solabere
1033 1678 1190 1714 quercu.

255 1717 477 1754 Dicendum
499 1723 541 1754 et
561 1731 660 1767 quae
683 1721 762 1754 sint
782 1718 889 1754 duris
908 1720 1129 1767 agrestibus
1148 1731 1267 1765 arma,
1298 1719 1372 1757 160

197 1774 283 1820 quis
303 1774 387 1808 sine
408 1784 482 1808 nec
502 1777 668 1820 potuere
689 1774 765 1808 seri
785 1784 859 1808 nec
879 1784 1040 1821 surgere
1061 1784 1230 1808 messes:

326 1872 368 1891 ¹³⁵
393 1875 428 1903 et
443 1873 471 1903 A
489 1886 498 1903 .·
522 1876 561 1904 ut
577 1874 665 1903 other
681 1871 785 1904 MSS.
862 1866 891 1888 ἲ
959 1871 1004 1892 ¹³⁹
1026 1876 1107 1904 tune
1123 1872 1190 1903 Ml.

326 1915 368 1934 ¹4⁶
392 1926 533 1955 surgens
550 1916 622 1946 AM
632 1916 683 1946 1P.
960 1915 1003 1934 ¹⁵⁵
1027 1920 1155 1946 terram
1171 1917 1247 1947 AR.

325 1957 368 1976 ¹⁵⁷
392 1959 547 1988 umbram
564 1958 648 1997 MR,
669 1958 803 1989 Servius
815 1972 824 1989 :
848 1957 986 1988 umbras
1003 1958 1075 1990 ΑΡ.

196 2018 243 2054 90
