1430 2335
602 450 831 497 LIBER
867 449 915 494 V

163 581 338 617 lxmam
358 579 534 616 medium
555 579 712 616 Aeneas
731 582 808 615 iam
828 579 950 615 classe
972 579 1138 615 tenebat
1293 588 1346 613 ΜΡ

162 645 293 675 certus
312 641 388 675 iter
408 637 628 687 fluctusque
648 642 753 673 atros
773 636 970 686 Aquilone
991 638 1163 682 secabat,

161 703 319 737 moenia
338 701 564 747 respiciens,
585 712 684 748 quae
705 700 781 734 iam
801 698 971 734 infelicis
992 697 1140 734 Elissae

161 762 376 798 conlucent
395 760 569 796 flammis.
627 773 728 809 quae
748 765 907 796 tantum
926 759 1155 795 accenderit
1175 760 1308 806 ignem

161 837 276 860 causa
295 823 419 865 latet3
449 822 537 858 duri
556 834 700 870 magno
720 821 790 857 sed
809 834 941 856 amore
961 820 1116 856 dolores
1324 823 1344 854 5

162 885 314 933 polluto
334 889 566 932 notumque,
586 882 721 918 furens
741 881 836 931 quid
857 881 1005 918 femina
1025 883 1160 930 possit,

161 946 276 980 triste
297 956 366 991 per
384 943 592 989 augurium
611 940 855 977 Teucrorum
876 944 1036 988 pectora
1055 939 1218 975 ducunt.

218 1005 272 1041 Ut
292 1003 455 1053 pelagus
474 1007 642 1039 tenuere
662 1006 766 1038 rates
785 1014 860 1037 nec
879 1003 956 1036 iam
975 1000 1143 1049 amplius
1162 1000 1243 1035 ulla

161 1068 332 1103 occurrit
351 1064 484 1109 tellus,
506 1066 625 1099 maria
644 1063 820 1112 undique
839 1067 880 1099 et
901 1061 1077 1111 undique
1098 1061 1264 1105 caelum,

162 1127 227 1163 olli
249 1126 452 1163 caeruleus
474 1138 590 1174 supra
610 1129 729 1173 caput
750 1123 907 1160 adstitit
928 1123 1068 1168 imber,
1301 1125 1346 1156 lO

162 1193 319 1224 noctem
337 1188 590 1236 hiememque
604 1185 748 1231 ferens,
764 1190 805 1221 et
818 1185 1012 1221 inhorruit
1033 1184 1136 1220 unda
1159 1183 1344 1220 tenebris.

162 1253 245 1298 ipse
265 1249 507 1298 gubernator
526 1249 647 1296 puppi
671 1247 875 1282 Palinurus
895 1246 944 1282 ab
963 1245 1042 1281 alta
1061 1259 1068 1280 τ

164 1317 187 1331 ‘⁸'
203 1311 280 1347 heu
296 1311 302 1345 l
334 1313 517 1359 quianam
539 1311 640 1344 tanti
661 1310 871 1344 cinxerunt
891 1306 1055 1343 aethera
1074 1307 1198 1342 nimbi
1216 1307 1230 1341 ?

163 1373 322 1421 quidve,
342 1376 455 1420 pater
476 1370 679 1419 Neptune,
700 1370 841 1418 paras?
859 1367 878 1380 ”
937 1370 990 1404 sic
1011 1367 1158 1404 deinde
1179 1368 1334 1404 locutus

163 1433 349 1482 colligere
369 1445 475 1467 arma
495 1431 606 1467 iubet
628 1430 844 1479 validisque
865 1429 1094 1465 incumbere
1116 1431 1245 1473 remis,
1301 1433 1344 1465 15

163 1494 419 1543 obliquatque
440 1495 547 1529 sinus
567 1494 607 1527 in
628 1497 793 1528 ventum
812 1504 856 1526 ac
879 1490 972 1526 talia
992 1489 1117 1526 satur:

167 1557 453 1603 “magnanime
477 1555 626 1596 Aenea,
647 1566 739 1597 non,
761 1554 791 1588 si
811 1551 907 1587 mihi
928 1551 1108 1599 Iuppiter
1128 1555 1263 1587 auctor

163 1616 371 1666 spondeat,
394 1615 468 1651 hoc
487 1627 643 1663 sperem
667 1613 819 1649 Italiam
840 1615 1073 1661 contingere
1093 1612 1212 1648 caelo.

163 1680 305 1714 mutati
326 1682 547 1713 transversa
568 1676 743 1711 fremunt
759 1679 800 1710 et
820 1686 983 1722 vespere
1004 1673 1053 1708 ab
1072 1678 1158 1709 atro

164 1743 408 1787 consurgunt
428 1740 551 1782 venti,
570 1742 690 1785 atque
711 1739 750 1771 in
771 1736 919 1771 nubem
940 1737 1096 1783 cogitur
1115 1738 1191 1770 a'er.
1296 1739 1344 1770 ΩΟ

163 1813 237 1836 nec
256 1813 326 1835 nos
346 1800 471 1835 obniti
493 1803 629 1834 contra
650 1811 723 1834 nec
745 1796 913 1833 tendere
933 1800 1091 1831 tantum

164 1862 382 1898 sufficimus.
440 1865 600 1909 superat
620 1861 805 1908 quoniam
830 1857 1012 1901 Fortuna,
1034 1869 1254 1906 sequamur,

163 1935 320 1972 quoque
341 1926 466 1966 vocat,
488 1926 685 1958 vertamus
705 1922 792 1956 iter.
849 1931 923 1955 nec
945 1918 1059 1954 litora
1080 1917 1199 1966 longe

220 1984 241 2066 ἓ
258 1988 372 2023 posset
389 1985 434 2015 JI.
586 1981 613 2001 ¹³
637 1984 726 2022 atro]
743 1983 812 2013 alto
831 1980 892 2013 ill?
1056 1978 1085 1998 ²³
1111 1984 1208 2013 vacat
1224 1979 1286 2012 211¹.

165 2034 214 2064 44
