1430 2335
675 102 868 139 VIRGIL

232 177 388 213 Interea
410 190 553 224 magno
572 179 727 213 misceri
745 191 945 214 murmure
965 182 1130 226 pontum

178 240 438 287 emissamque
455 238 627 274 hiemem
646 241 770 274 sensit
790 239 1000 287 Neptunus
1021 244 1062 275 et
1081 241 1167 274 imis
1280 241 1349 273 125

178 304 317 348 stagna
337 299 466 335 refusa
487 300 605 345 vadis,
626 303 798 349 graviter
817 305 1059 343 commotus;
1088 305 1130 336 et
1148 300 1229 336 alto

178 362 433 408 prospiciens,
453 373 603 396 summa
624 361 822 409 placidum
843 367 962 410 eaput
982 361 1124 397 extulit
1145 360 1259 397 nuda.

178 421 383 458 disiectam
404 421 565 458 Aeneae
586 427 670 458 toto
693 422 800 458 videt
818 435 987 471 aequore
1008 422 1184 467 classem,

178 482 359 519 fluctibus
377 495 584 532 oppressos
604 483 724 520 Troas
745 484 922 533 caelique
942 486 1064 520 ruina.

178 556 253 579 nec
273 543 425 580 latuere
446 544 525 580 doli
546 544 710 581 fratrem
733 544 894 581 Iunonis
914 550 956 582 et
976 547 1067 581 irae.
1282 547 1353 579 130

180 605 329 641 Eurum
349 605 398 641 ad
419 619 458 641 se
481 605 786 656 Zephyrumque
808 611 932 652 vocat,
949 606 1094 643 dehine
1115 605 1208 642 talia
1229 605 1353 642 satur:

234 672 256 687 ‘⁴'
270 666 450 703 Tantane.
471 680 539 703 vos
557 671 716 716 generis
738 671 870 704 tenuit
889 667 1028 704 fiducia
1049 668 1196 704 vestri?

179 730 254 763 iam
276 728 428 763 caelum
448 733 672 778 terramque
692 742 781 765 meo
802 732 885 765 sine
906 731 1080 774 numine,
1101 731 1223 773 venti,

178 792 342 825 miscere
363 794 403 825 et
423 795 552 825 tantas
573 790 727 827 audetis
747 790 886 827 tollere
906 790 1057 826 moles?

179 864 274 900 quos
295 851 434 899 ego—!
455 850 524 887 sed
544 857 672 887 motos
693 857 865 900 praestat
886 864 1121 900 componere
1142 851 1302 887 fluctus:

178 917 267 960 post
287 911 384 947 mihi
406 925 482 948 non
504 913 620 948 simili
641 926 768 961 poena
789 916 995 949 commissa
1014 912 1143 950 luetis.
1286 910 1355 947 136

178 977 375 1009 111311113ῒο
396 972 530 1022 fugam
552 977 713 1023 regique
735 974 831 1010 haec
851 974 973 1011 dicite
992 979 1120 1010 vestro
1138 987 1146 1010 ι

179 1047 256 1069 11011
278 1034 335 1069 1111
354 1036 565 1083 imperium
582 1036 712 1085 pelagi
735 1049 972 1085 saevumque
992 1035 1225 1081 tridentem,

178 1095 247 1131 sed
267 1095 364 1131 mihi
386 1101 488 1132 sorte
509 1096 658 1133 datum.
716 1101 828 1133 tenet
848 1096 914 1133 ille
935 1099 1118 1133 immania
1139 1110 1241 1142 saxa,

178 1161 340 1202 vestras,
360 1156 479 1202 Eure,
492 1157 628 1193 domos
646 1170 654 1201 ;
683 1158 749 1193 1113
771 1171 810 1194 30
832 1161 953 1195 iactet
973 1161 1013 1194 111
1033 1159 1121 1194 aula
1285 1162 1356 1193 140

178 1218 325 1254 Aeolus
346 1224 387 1254 et
408 1219 538 1254 0131130
560 1225 767 1255 ventorum
790 1233 945 1256 0310010
966 1219 1147 1269 regnet.''

234 1279 296 1315 Sic
316 1282 383 1322 ait,
406 1285 447 1316 et
466 1280 574 1315 dicto
595 1282 708 1316 citius
729 1281 879 1316 tumida
898 1293 1069 1330 aequora
1089 1282 1219 1330 placat

178 1341 443 1390 collectasque
464 1341 575 1390 fugat
594 1342 718 1377 nubes
739 1342 941 1391 solemque
961 1343 1126 1379 reducit.

179 1402 400 1451 Cymothoe
422 1402 536 1438 simul
558 1408 599 1439 et
619 1402 758 1438 Triton
778 1404 944 1439 adnixus
963 1410 1078 1440 acuto

178 1463 398 1499 detrudunt
418 1466 525 1499 navis
541 1465 701 1513 scopulo
718 1477 725 1507 ;
754 1465 859 1501 levat
879 1467 962 1513 ipse
983 1465 1147 1501 tridenti
1287 1469 1356 1500 145

179 1530 220 1561 et
242 1530 366 1561 vastas
385 1528 515 1574 aperit
535 1528 648 1575 syrtis
671 1531 711 1562 et
730 1531 929 1575 temperat
951 1539 1097 1575 aequor

178 1591 297 1635 atque
319 1588 413 1621 rotis
433 1599 604 1622 summas
625 1587 777 1622 levibus
799 1587 1015 1636 perlabitur
1036 1588 1171 1624 undas.

178 1660 222 1684 30
244 1647 367 1683 veluti
388 1660 531 1696 magno
553 1650 592 1683 in
612 1648 758 1696 populo
780 1661 867 1684 cum
891 1661 1007 1697 saepe
1029 1654 1160 1685 coorta
1177 1654 1236 1685 est

179 1708 334 1753 seditio,
355 1711 556 1758 saevitque
576 1711 715 1745 animis
734 1710 908 1758 ignobile
928 1710 1079 1758 volguS,
1287 1713 1358 1751 149

179 1772 334 1818 iamque
356 1769 459 1806 faces
481 1775 522 1806 et
542 1782 631 1805 saxa
654 1771 787 1807 volant
807 1769 933 1819 (furor
951 1783 1058 1806 arma
1077 1771 1306 1821 ministrat),

179 1835 265 1867 tum
285 1833 435 1879 pietate
457 1843 617 1879 gravem
638 1845 681 1868 30
701 1834 853 1867 meritis
873 1834 903 1867 31
924 1832 1025 1868 forte
1042 1834 1165 1868 virum
1189 1846 1305 1881 quem

180 1904 430 1941 conspexere,
454 1891 571 1928 silent
591 1895 831 1942 arrectisque
850 1894 1007 1929 auribus
1025 1893 1184 1929 adstant
1202 1906 1211 1937 3

637 1981 682 2001 ¹²⁹
708 1984 839 2015 ruinam
854 1984 908 2017 BR

183 2041 261 2073 ‘250
