1430 2335
720 99 773 135 V1
782 99 910 136 RGIL

227 177 371 220 deicit3
400 179 649 225 ingeminant
669 176 805 213 Austri
825 182 867 214 et
886 177 1140 214 densissimus
1159 179 1298 223 imber,

227 243 331 266 nunc
351 242 513 266 nemora
532 233 690 279 ingenti
709 236 841 276 vento,
861 244 967 267 nunc
987 231 1103 268 litora
1121 231 1326 280 plangunt.

227 283 301 319 hoc
321 288 504 319 metuens
524 283 623 320 caeli
641 286 788 322 mensis
808 289 851 321 et
870 284 999 321 sidera
1019 297 1142 330 serva,
1327 286 1401 323 335

226 336 369 384 frigida
388 336 547 373 Saturni
569 349 654 373 sese
675 349 752 386 quo
772 337 887 373 stella
906 343 1100 386 receptet,

226 402 323 439 quos
341 392 445 438 ignis
463 389 571 426 caelo
591 389 792 439 Cyllenius
813 395 918 427 erret
936 393 976 426 in
997 392 1111 427 orbis.

226 445 268 478 in
287 445 421 491 primis
441 456 630 479 venerare
651 443 759 485 deos,
778 449 897 492 atque
917 457 1047 480 annua
1066 457 1233 492 magnae

227 509 334 532 sacra
353 495 457 532 refer
477 496 608 532 Cereri
629 496 743 533 laetis
764 502 947 545 operatus
968 500 1008 533 in
1028 497 1159 534 herbis

227 555 428 585 extremae
447 551 519 586 sub
539 563 670 586 casum
692 550 845 595 hiemis,
863 553 941 586 iam
961 563 1053 587 vere
1073 563 1223 588 serenO.
1326 552 1402 589 340

225 608 311 639 tum
331 605 498 651 pingues
517 606 609 651 agni
631 609 672 639 et
692 608 777 639 tum
797 603 1022 640 mollissima
1043 607 1143 649 vina,

225 661 310 692 tum
331 659 457 692 somni
478 656 613 693 dulces
633 657 860 706 densaeque
880 660 921 692 in
941 658 1142 693 montibus
1162 658 1334 696 umbrae.

226 715 369 746 cuncta
388 710 462 746 tibi
482 710 667 746 Cererem
688 710 812 759 pubes
832 713 998 758 agrestis
1018 710 1178 747 adoret:

226 765 288 799 cui
308 768 351 799 tu
373 762 475 799 lacte
496 762 602 799 favos
623 769 664 799 et
684 766 770 799 miti
791 763 898 800 dilue
920 764 1086 808 Baccho,

226 821 366 865 terque
386 829 505 853 novas
525 819 670 852 circum
692 816 787 853 felix
807 823 872 853 eat
893 816 1020 853 hostia
1039 817 1186 866 fruges,
1327 819 1402 856 345

224 872 350 906 omnis
370 882 486 918 quam
507 869 648 906 chorus
669 875 710 906 et
730 873 823 906 socii
844 873 1084 907 comitentur
1103 876 1280 916 ovantes,

225 928 268 959 et
287 922 472 959 Cererem
492 923 660 959 clamore
683 928 825 960 vocent
844 926 885 959 in
905 929 1036 967 tecta3
1064 937 1195 973 neque
1215 929 1309 960 ante

226 975 367 1012 falcem
388 979 550 1013 maturis
570 979 776 1025 quisquam
797 982 994 1025 supponat
1014 980 1153 1022 aristis,

225 1042 342 1078 quam
363 1029 496 1066 Cereri
516 1034 621 1066 torta
641 1030 846 1066 redimitus
867 1035 1045 1079 tempora
1064 1043 1210 1079 quercu

225 1083 296 1119 det
316 1088 445 1119 motus
466 1086 745 1131 incompositos
766 1088 807 1120 et
828 1086 1000 1119 carmina
1019 1083 1135 1120 dicat.
1326 1085 1402 1122 350

278 1135 412 1185 Atque
433 1136 528 1172 haec
550 1141 594 1172 ut
615 1139 733 1173 certis
753 1149 954 1185 possemus
975 1137 1127 1173 discere
1149 1140 1284 1185 signis,

224 1194 435 1238 aestusque
455 1189 684 1239 pluviasque
705 1195 747 1226 et
767 1193 922 1238 agentis
943 1190 1087 1239 frigora
1108 1196 1260 1235 ventos,

225 1245 308 1291 ipse
329 1248 442 1290 pater
461 1245 614 1287 statuit,
635 1243 729 1292 quid
749 1248 952 1279 menstrua
972 1243 1064 1279 luna
1084 1250 1279 1289 moneret,

225 1308 302 1344 quo
322 1299 435 1343 signo
456 1296 646 1332 caderent
669 1297 816 1340 Austri,
835 1296 929 1345 quid
950 1309 1068 1345 saepe
1089 1297 1271 1334 videntes

224 1349 418 1397 agricolae
440 1352 598 1397 propius
618 1349 782 1386 stabulis
802 1355 982 1386 armenta
1001 1355 1199 1387 tenerent.
1328 1352 1402 1390 355

224 1404 412 1439 continuo
433 1406 561 1439 ventis
581 1403 833 1450 surgentibus
852 1408 921 1439 aut
941 1403 1043 1439 freta
1063 1406 1174 1452 ponti

224 1458 419 1504 incipiunt
440 1458 589 1504 agitata
610 1461 830 1492 tumescere
852 1461 894 1493 et
912 1456 1042 1492 aridus
1063 1457 1152 1493 altis

170 1527 174 1533 ·
224 1510 424 1545 montibus
444 1509 569 1545 audiri
590 1509 734 1557 fragor,
753 1514 822 1545 aut
841 1512 1067 1546 resonantia
1086 1510 1205 1559 longe

224 1562 340 1598 litora
358 1565 511 1599 misceri
532 1568 572 1599 et
594 1575 800 1598 nemorum
819 1564 1110 1600 increbrescere
1129 1577 1314 1601 murmur.

224 1618 300 1651 iam
320 1617 392 1651 sibi
414 1621 498 1652 tum
519 1618 646 1652 curvis
665 1616 767 1653 male
787 1621 986 1664 temperat
1006 1617 1112 1653 unda
1133 1620 1285 1664 carinis,
1325 1620 1400 1656 360

437 1717 480 1735 ³³⁴
504 1717 638 1758 plangit
654 1716 708 1748 R:
731 1716 867 1749 Servius
880 1718 989 1749 huon-s
1001 1718 1083 1750 boch.

438 1759 481 1777 337
506 1759 590 1790 caeli
606 1760 645 1795 R,
667 1759 810 1793 Servius.

438 1801 483 1820 ³³⁹
506 1802 597 1833 orbis
614 1802 682 1834 ΜΙ.

436 1844 480 1863 340
504 1855 583 1875 casu
601 1845 639 1876 R.

436 1886 480 1905 ³⁴¹
503 1889 583 1928 agni
599 1889 742 1929 pingues
758 1899 781 1927 c,
802 1888 948 1920 Servius.

437 1929 479 1947 ³⁵¹
504 1931 672 1970 possimus
688 1931 755 1963 2112.
804 1931 916 1962 dicere
933 1932 984 1963 R:
1009 1942 1146 1963 noscere
1162 1932 1214 1964 M.

437 1971 480 1990 ³⁶³
504 1984 523 2003 a
539 1974 651 2003 curvis
669 1973 706 2004 R.

226 2031 297 2067 1042
