1430 2335
684 92 876 130 VIRGIL

190 172 286 217 ibat,
306 177 348 208 et
366 172 523 219 ingenti
542 175 654 206 motu
674 169 921 219 stupefactus
940 182 1128 219 aquarum
1288 165 1362 204 36.)

190 228 321 261 omnia
340 225 412 260 sub
428 237 571 271 magna
589 223 763 259 labentia
782 223 941 259 flumina
960 228 1064 259 terra

190 277 396 327 spectabat
415 277 569 313 diversa
588 277 695 319 locis,
718 276 955 325 Phasimque
975 274 1206 325 Lycumque

190 337 232 367 et
251 336 382 380 caput,
404 329 510 365 unde
528 329 631 365 altus
651 332 821 378 primum
841 342 882 365 se
899 331 1072 377 erumpit
1092 328 1266 377 Enipeus

191 384 296 420 unde
316 388 429 432 pater
447 382 655 419 Tiberinus
674 387 716 419 et
735 383 841 418 unde
861 382 1017 418 Aniena
1034 381 1182 418 fluenta

191 449 428 486 saxosusque
447 449 589 472 sonans
613 435 793 485 Hypanis
816 436 1028 484 Mysusque
1048 435 1197 479 Caicus,
1289 433 1364 470 370

191 495 233 527 et
252 493 411 539 gemina
429 494 590 525 auratus
608 491 765 525 taurino
785 501 929 524 cornua
948 489 1058 525 voltu

191 543 396 587 Eridanus,
415 555 492 592 quo
513 555 589 578 non
609 542 708 578 alius
726 554 798 591 per
816 544 978 591 pinguia
997 541 1104 577 culta

192 600 230 632 in
250 609 357 632 mare
377 608 619 645 purpureum
639 595 848 631 violentior
867 594 988 631 effluit
1006 597 1144 630 amnis.

192 657 399 699 postquam
420 654 481 685 est
500 651 538 684 in
559 649 724 684 thalami
743 648 959 697 pendentia
978 651 1132 697 pumice
1151 651 1259 683 tecta

193 708 429 752 perventum
450 708 491 738 et
510 705 593 737 nati
612 702 726 738 fletus
747 704 932 749 cognovit
950 703 1076 737 inanis
1288 701 1362 736 375

192 757 361 805 Cyrene,
379 756 560 792 manibus
580 755 749 804 liquidos
768 754 867 790 dant
885 754 1022 790 ordine
1043 754 1162 790 fontis

192 823 418 859 germanae,
433 811 637 857 tensisque
657 808 794 844 ferunt
814 808 1004 844 mantelia
1024 806 1126 843 villis
1144 818 1153 849 3

194 876 281 913 pars
301 863 427 912 epulis
447 867 614 898 onerant
631 874 787 898 mensas
802 867 844 897 et
863 861 981 910 plena
999 864 1199 910 reponunt

193 917 347 965 pocula,
369 915 585 951 Panchaeis
604 915 838 952 adolescunt
856 915 1012 963 ignibus
1031 926 1132 949 arae.

193 975 236 1007 et
254 975 384 1006 mater
402 973 425 990 “
442 982 537 1018 cape
560 969 733 1004 Maeonii
751 967 949 1004 carchesia
968 966 1111 1003 Bacchi
1127 979 1136 1002 ε
1289 969 1365 1003 380

194 1024 355 1060 Oceano
375 1023 542 1059 libemus
560 1022 580 1033 ’'
602 1024 681 1058 ait:
709 1021 823 1057 simul
842 1023 927 1069 ipsa
947 1025 1130 1070 precatur

194 1077 478 1126 Oceanumque
500 1081 653 1124 patrem
673 1088 803 1112 rerum
826 1074 1108 1123 Nymphasque
1129 1085 1290 1119 sorores,

194 1135 355 1166 centum
375 1142 474 1178 quae
495 1129 621 1173 silvas,
641 1133 802 1164 centum
822 1141 922 1177 quae
941 1126 1101 1163 flumina
1121 1131 1288 1164 servant.

193 1188 254 1219 ter
273 1183 423 1232 iiquido
441 1182 649 1218 ardentem
670 1181 877 1230 perfundit
895 1186 1056 1217 nectare
1076 1180 1250 1224 Vestam,

194 1242 256 1272 ter
273 1236 428 1272 flamma
446 1235 495 1271 ad
515 1248 713 1272 summum
734 1237 832 1271 tecti
853 1234 1029 1270 subiecta
1048 1233 1205 1270 reluxit.
1291 1236 1365 1268 385

193 1293 324 1326 omine
345 1302 422 1339 quo
441 1289 598 1325 firmans
617 1291 790 1324 animum
813 1289 866 1324 sic
886 1289 1028 1336 incipit
1048 1289 1130 1336 ipsa
1147 1299 1155 1322 :

246 1348 269 1363 “
286 1343 358 1379 Est
377 1345 418 1378 in
438 1341 651 1391 Carpathio
672 1341 851 1391 Neptuni
870 1344 1029 1389 gurgite
1049 1344 1173 1385 vates,

193 1396 395 1432 caeruleus
418 1395 594 1440 Proteus,
612 1407 800 1442 magnum
822 1396 887 1443 qui
907 1394 1076 1443 piscibus
1096 1405 1242 1442 aequor

193 1454 235 1486 et
254 1453 387 1485 iuncto
407 1448 596 1497 bipedum
617 1461 731 1484 curru
754 1449 917 1484 metitur
937 1459 1139 1496 equorum.

194 1503 256 1539 hic
276 1515 381 1538 nunc
401 1501 610 1538 Emathiae
631 1505 767 1550 portus
787 1502 1034 1549 patriamque
1048 1501 1183 1536 revisit
1291 1501 1367 1540 390

196 1555 407 1600 Pallenen3
436 1555 542 1590 hunc
562 1560 604 1590 et
623 1553 833 1603 Nymphae
855 1565 1089 1589 veneramur
1108 1557 1150 1589 et
1168 1555 1252 1600 ipse

193 1609 440 1658 grandaevus
461 1607 639 1651 Nereus3
668 1610 778 1643 novit
798 1619 968 1656 namque
989 1608 1120 1642 omnia
1139 1610 1262 1650 vates,

193 1675 292 1712 quae
313 1665 403 1708 sint,
419 1673 518 1712 quae
538 1660 699 1704 fuerint,
716 1672 815 1710 quae
830 1672 922 1696 mox
935 1665 1101 1695 ventura
1113 1659 1320 1695 trahantur
1335 1671 1342 1702 3

235 1754 278 1772 ³⁶⁸
302 1755 431 1792 primus
447 1753 495 1784 M.
542 1754 670 1792 rumpit
687 1753 739 1785 R.-
761 1752 850 1792 rupit
868 1751 908 1782 P.
947 1751 991 1769 ³⁷⁰
1015 1760 1171 1782 saxosum
1189 1751 1333 1781 Servius.

236 1796 280 1815 ³⁷3
304 1798 447 1836 mensas]
463 1806 535 1827 aras
551 1796 590 1826 P.
949 1792 994 1812 ³⁸³
1011 1793 1164 1834 perfudit
1182 1792 1250 1824 ΜΞ.

235 1839 280 1858 ³⁸⁵
298 1839 469 1869 flammam
486 1839 532 1869 M.
571 1838 672 1869 tectis
687 1838 735 1869 M.
772 1837 908 1869 sublata
925 1835 971 1868 M.

235 1882 279 1900 ³⁰³
298 1883 476 1912 trahentur
493 1880 557 1911 Ml.

238 1977 248 1996 ¹
275 1979 343 2009 The
366 1978 472 2009 rivers
496 1988 551 2008 are
576 1979 719 2009 distinct
742 1978 848 2009 below
865 1978 923 2008 the
943 1977 1049 2013 earth,
1066 1986 1147 2007 even
1166 1987 1201 2008 as
1219 1978 1296 2017 they
1313 1987 1367 2008 are

194 2023 311 2053 above.

195 2080 271 2111 222
