1430 2335
646 103 839 141 VIRGIL

149 195 264 232 surge
284 195 358 231 age
378 187 421 218 et
439 181 537 218 haec
557 181 684 217 laetus
703 180 896 229 longaevo
916 178 1023 216 dicta
1042 181 1196 228 parenti

148 237 254 274 haud
274 235 497 272 dubitanda
514 234 632 278 refer,
653 233 872 283 Corythum
890 238 1095 282 terrasque
1114 236 1289 282 requirat

149 292 367 333 Aiisonia33
398 288 564 325 Dictaea
583 291 705 335 negat
719 288 793 323 tibi
816 287 999 335 Iuppiter
1016 286 1131 322 arva.’
1254 289 1319 325 171

149 344 295 381 talibus
315 345 508 379 attonitus
529 344 618 377 visis
638 346 679 377 et
698 353 793 376 voce
812 340 977 376 deorum

150 398 242 448 (nec
262 409 376 445 sopor
395 395 494 431 illud
516 400 614 439 erat,
633 393 703 430 sed
723 406 852 430 coram
871 393 1115 442 adgnoscere
1134 392 1263 430 voltus

151 451 380 499 velatasque
400 461 530 485 comas
550 450 853 497 praesentiaque
873 460 940 483 ora
958 446 1145 491 videbar3

150 511 237 542 tum
257 503 413 552 gelidus
431 507 518 539 toto
536 502 722 537 manabat
740 513 901 549 corpore
920 498 1056 550 sudor)
1253 501 1324 537 175

153 560 320 606 corripio
340 570 361 593 e
381 559 514 593 stratis
534 568 675 604 corpus
694 554 897 603 tendoque
918 556 1076 602 supinas

153 612 203 648 ad
223 610 375 647 caelum
395 623 483 646 cum
504 622 598 645 voce
617 621 757 644 manus
776 613 818 644 et
837 620 1001 644 munera
1018 607 1098 643 libo

153 669 393 701 intemerata
411 663 519 699 focis.
577 662 755 711 perfecto
774 661 903 697 laetus
917 660 1066 697 honore

155 719 360 755 Anchisen
378 717 479 753 facio
499 721 652 752 certum
671 727 835 764 remque
854 713 993 751 ordine
1012 714 1154 764 pando·

154 773 345 821 adgnovit
358 770 507 820 prolem
523 770 749 818 ambiguam
761 771 1019 817 geminosque
1037 770 1225 817 parentis,
1257 772 1268 803 l
1282 771 1330 803 80

155 838 276 875 seque
297 837 398 860 novo
417 829 598 860 veterum
617 823 831 871 deceptum
851 834 982 858 errore
1003 822 1187 858 locorum.

153 885 240 916 tum
260 883 476 914 memorat:
506 881 517 897 ‘
531 882 638 920 nate,
660 876 789 912 Iliacis
809 877 983 911 exercite
1002 874 1107 920 fatis,

155 933 237 969 sola
254 932 351 968 mihi
370 931 460 968 talis
479 942 590 967 casus
610 929 827 966 Cassandra
845 929 1023 965 canebat.

155 999 261 1023 nunc
281 990 420 1035 repeto
439 984 538 1020 haec
558 986 695 1033 generi
716 982 958 1032 portendere
977 982 1113 1018 debita
1133 987 1279 1028 nostro,

155 1046 197 1077 et
217 1052 334 1088 saepe
357 1039 608 1086 Hesperiam,
629 1049 746 1085 saepe
769 1036 870 1072 Itala
888 1049 1011 1085 regna
1030 1048 1180 1072 vocare.
1259 1040 1330 1072 185

155 1093 225 1131 sed
245 1095 331 1142 quis
351 1092 400 1128 ad
423 1092 643 1140 Hesperiae
664 1095 849 1126 venturos
868 1089 986 1126 litora
1003 1089 1175 1126 Teucros

155 1147 365 1183 crederet?
421 1150 490 1181 aut
508 1157 627 1194 quem
647 1149 733 1180 turn
752 1148 862 1180 vates
881 1143 1097 1179 Cassandra
1114 1144 1322 1179 moveret?

156 1201 343 1237 cedamus
366 1198 524 1235 Phoebo
545 1202 587 1234 et
605 1200 745 1233 moniti
767 1197 929 1233 meliora
949 1196 1181 1245 sequamur.'

155 1258 210 1291 sic
230 1257 286 1290 ait
305 1258 347 1289 et
366 1255 499 1289 cuncti
519 1252 626 1287 dicto
640 1263 823 1300 paremus
842 1255 1015 1286 ovantes.
1265 1252 1333 1290 189

155 1308 256 1344 hanc
269 1319 425 1356 quoque
437 1305 656 1342 deserimus
670 1305 806 1341 sedem
821 1307 1034 1353 paucisque
1047 1303 1194 1340 relictis
1214 1302 1335 1355 [πο-ΜΡ

156 1360 243 1397 vela
263 1361 401 1396 (lamus
420 1364 654 1408 vastumque
674 1371 768 1394 cava
785 1358 898 1394 trabe
913 1360 1103 1400 currimus
1122 1370 1279 1406 aequor.

207 1419 232 1435 “
248 1414 458 1462 Postquam
487 1413 614 1448 altum
641 1417 807 1448 tenuere
836 1416 939 1448 rates
962 1424 1037 1448 nec
1062 1413 1139 1447 iam
1166 1410 1334 1460 amplius

259 1467 365 1503 ullae

155 1525 353 1570 apparent
371 1524 514 1564 terrae,
536 1519 686 1556 caelum
709 1518 884 1568 undique
905 1522 947 1555 et
965 1517 1142 1568 undique
1157 1523 1316 1566 pontus,

154 1580 241 1611 tum
261 1573 357 1610 mihi
377 1573 580 1609 caeruleus
598 1585 714 1621 supra
734 1577 854 1620 caput
872 1571 1030 1608 adstitit
1047 1572 1186 1617 imber,

154 1633 315 1665 noctem
331 1627 583 1675 hiememque
599 1626 743 1671 ferens,
761 1631 802 1662 et
816 1625 1011 1662 inhorruit
1026 1625 1131 1661 unda
1145 1625 1332 1662 tenebris.

154 1684 342 1718 continuo
362 1683 471 1717 venti
492 1680 656 1716 volvunt
674 1691 781 1715 mare
802 1692 1024 1728 magnaque
1044 1684 1211 1728 surgunt
1262 1677 1334 1720 196

153 1747 347 1784 aequora3
376 1733 542 1783 dispersi
561 1736 752 1769 iactamur
771 1734 930 1781 gurgite
950 1737 1070 1768 vasto.

153 1788 354 1824 involvere
375 1787 481 1823 diem
501 1787 624 1823 nimbi
645 1791 687 1823 et
706 1799 783 1822 nox
804 1786 939 1822 umida
958 1785 1110 1822 caelum

154 1841 342 1884 abstulit3
371 1843 620 1889 ingeminant
639 1840 817 1888 abruptis
838 1839 1008 1876 nubibus
1028 1842 1150 1886 ignes.

155 1897 380 1932 excutimur
399 1907 512 1931 cursu
533 1899 575 1931 et
595 1895 720 1929 caecis
740 1905 914 1929 erramus
933 1895 974 1928 in
996 1894 1122 1930 undis.
1259 1897 1335 1930 200

592 1961 635 1980 ¹⁷⁴¹
661 1960 819 1992 videbam
837 1961 904 1994 M1.

590 2004 634 2023 ¹⁹⁹
656 2005 792 2043 abrupti
813 2003 852 2037 G.

159 2060 236 2100 360
