1430 2335
705 93 896 130 VIRGIL

257 169 372 205 Nunc
394 181 470 218 quo
490 181 687 218 quamque
706 168 824 205 modo
843 170 966 217 possis
986 180 1222 217 cognoscere
1242 166 1378 203 dicam.

201 235 288 258 rara
308 225 359 258 sit
378 235 427 257 an
449 235 565 270 supra
584 235 737 258 morem
758 225 788 257 si
804 222 927 258 densa
945 224 1126 271 requires

201 275 345 325 (altera
364 274 576 312 frumentis
597 278 782 325 quoniam
798 275 918 321 favet,
933 275 1057 311 altera
1075 274 1243 319 Baccho,

201 329 325 365 densa
344 331 468 377 magis
490 329 636 375 Cereri,
656 331 850 366 rarissima
870 341 1050 378 quaeque
1072 327 1235 378 Lyaeo),

200 387 296 418 ante
315 382 446 418 locum
467 385 598 431 capies
617 382 753 426 oculis,
773 382 934 431 alteque
953 382 1107 418 iubebis
1307 385 1382 417 230

200 438 240 471 in
262 435 388 471 solido
409 441 573 484 puteum
595 435 769 481 demitti,
788 448 1027 485 omnemque
1046 447 1226 484 repones,

201 502 332 525 rursus
353 489 520 525 humum
543 495 584 526 et
603 489 773 538 pedibus
793 501 964 525 summas
983 489 1170 538 aequabis
1191 487 1370 525 harenas.

202 545 233 578 si
254 542 414 587 derunt,
431 556 561 579 rarum
584 545 796 592 pecorique
817 547 859 580 et
878 543 1024 579 vitibus
1043 541 1156 577 almis

201 598 332 645 aptius
352 597 450 633 uber
470 599 566 640 erit3
597 600 657 633 sin
677 599 719 632 in
739 609 806 632 sua
826 608 940 645 posse
961 595 1166 645 negabunt

201 652 256 685 ire
278 649 364 686 loca
385 655 426 686 et
446 650 648 686 scrobibus
668 650 872 698 superabit
891 655 997 686 terra
1015 648 1192 697 repletis,
1307 652 1381 685 235

201 705 347 751 spissus
366 716 483 752 ager:
510 703 669 752 glaebas
688 705 914 740 cunctantis
933 715 1136 751 crassaque
1156 707 1268 751 terga

202 761 389 805 exspecta
410 762 452 793 et
471 757 609 793 validis
628 763 777 794 terram
795 757 1005 806 proscinde
1025 758 1212 792 iuvencis.

202 810 302 846 salsa
321 815 456 846 autem
470 810 591 848 tellus
612 816 653 847 et
673 823 773 859 quae
795 810 1029 859 perhibetur
1047 822 1192 854 amara,

200 863 399 912 (frugibus
415 864 554 901 infelix
570 878 627 909 ea,
647 877 722 900 nec
742 866 984 900 mansuescit
1001 862 1148 898 arando

201 930 276 953 nec
297 917 452 953 Baccho
472 931 598 967 genus
617 923 686 953 aut
705 920 832 966 pomis
852 930 920 954 sua
938 919 1099 952 nomina
1118 913 1278 966 servat),
1307 919 1382 951 240

201 971 281 1007 tale
302 971 411 1006 dabit
432 974 660 1020 specimen:
687 976 730 1007 tu
753 974 875 1019 spisso
896 973 1043 1006 vimine
1064 969 1200 1019 qualos

201 1024 365 1073 colaque
386 1025 586 1073 prelorum
609 1025 771 1061 fumosis
791 1025 929 1073 deripe
951 1026 1091 1067 tectis;

202 1077 280 1114 huc
300 1091 395 1126 ager
415 1079 482 1114 ille
503 1078 627 1115 malus
649 1078 863 1127 dulcesque
884 1091 906 1113 a
925 1077 1100 1113 fontibus
1122 1076 1251 1112 undae

201 1132 250 1167 ad
275 1132 438 1180 plenum
459 1132 660 1168 calcentur
678 1143 686 1175 3
715 1144 814 1180 aqua
835 1130 1074 1167 eluctabitur
1089 1131 1214 1165 omnis

203 1184 356 1220 scilicet
376 1190 417 1221 et
436 1184 606 1234 grandes
627 1185 741 1220 ibunt
762 1197 832 1233 per
851 1186 997 1220 vimina
1016 1188 1154 1232 guttae
1171 1195 1179 1227 ;
1308 1185 1381 1218 245

202 1243 243 1273 at
264 1250 378 1287 sapor
397 1237 587 1274 indicium
608 1238 728 1274 faciet
748 1237 994 1281 manifestus,
1013 1241 1056 1273 et
1074 1249 1140 1272 ora

204 1293 333 1327 tristia
353 1295 623 1340 temptantum
647 1304 763 1326 sensu
783 1291 986 1339 torquebit
1005 1303 1146 1326 amaro·

204 1347 363 1393 pinguis
383 1347 480 1380 item
501 1357 600 1393 quae
622 1347 673 1380 sit
693 1344 824 1387 tellus,
847 1343 920 1379 hoc
939 1343 1110 1391 denique
1132 1347 1247 1391 pacto

203 1397 412 1434 discimus:
441 1397 547 1433 haud
567 1410 754 1446 umquam
774 1397 955 1433 manibus
975 1399 1119 1432 iactata
1138 1396 1299 1440 fatiscit,

203 1451 274 1487 sed
295 1453 391 1499 picis
412 1453 451 1487 in
471 1464 622 1487 morem
636 1451 685 1486 ad
707 1450 854 1498 digitos
873 1450 1060 1486 lentescit
1082 1449 1274 1485 habendo.
1309 1451 1384 1483 250

204 1504 340 1540 umida
360 1506 527 1541 maiores
547 1504 689 1540 herbas
708 1504 792 1547 alit,
814 1507 976 1553 ipsaque
992 1505 1095 1538 iusto

204 1558 358 1594 laetior.
417 1571 438 1593 a
456 1559 462 1594 l
482 1560 648 1594 nimium
670 1570 721 1593 ne
743 1559 794 1593 sit
814 1556 913 1593 mihi
934 1555 1075 1592 fertilis
1096 1555 1175 1600 illa,

205 1624 277 1647 nec
299 1624 340 1648 se
361 1611 628 1660 praevalidam
648 1613 785 1660 primis
805 1610 991 1646 ostendat
1010 1612 1138 1646 aristis
1158 1610 1164 1645 l

203 1677 303 1713 quae
324 1668 452 1713 gravis
473 1670 547 1708 est,
569 1667 653 1713 ipso
674 1666 836 1700 tacitam
858 1676 899 1700 se
920 1662 1096 1712 pondere
1118 1661 1262 1712 prodit,

202 1731 382 1767 quaeque
420 1719 527 1755 levis.
586 1722 814 1767 promptum
862 1721 923 1754 est
969 1716 1091 1752 oculis
1137 1715 1384 1765 praediscere

306 1775 472 1820 nigram,
1308 1772 1382 1805 255

246 1861 288 1879 ⁰2⁷
317 1872 363 1892 res
378 1862 466 1892 uiras
484 1860 578 1894 M2R.

247 1903 292 1923 ²³⁷
319 1874 434 1936 anim-0
458 1905 588 1935 MPRc:
604 1913 736 1935 amaror
764 1902 865 1934 M²bc2
893 1903 929 1943 (γ
956 1902 1125 1943 wantinq).
1170 1903 1225 1934 See
1252 1902 1380 1940 Gellius,

204 1954 227 1977 J.
249 1951 296 1978 21.

246 1990 292 2008 ²⁵³
318 2000 383 2022 neu
401 1989 464 2022 M2.

206 2046 278 2078 132
