1430 2335
665 94 820 132 VIRGI
826 95 859 132 L

171 174 220 205 at
231 172 374 218 gravis,
393 174 437 206 ut
457 169 580 206 fundo
600 172 662 206 vix
683 170 846 208 tandem
866 171 1046 209 redditus
1064 175 1143 210 imo
1162 179 1236 220 est,

171 225 248 258 iam
267 226 398 259 senior
414 224 652 273 madidaque
670 224 795 262 fluens
812 227 853 261 in
872 231 984 263 veste
1006 227 1216 264 Menoetes

171 289 323 312 summa
341 279 445 326 petit
463 278 611 325 scopuli
633 280 813 328 siccaque
832 281 874 315 in
893 292 990 329 rupe
1011 280 1170 318 resedit.
1274 284 1346 317 180

170 329 281 365 illurn
303 334 345 366 et
364 330 565 367 labentem
586 331 728 367 Teucri
748 336 791 368 et
809 335 931 369 risere
950 338 1159 370 natantem

170 388 213 420 et
231 383 351 420 salsos
370 384 503 420 rident
522 390 792 421 revomentem
812 390 974 434 pectore
993 386 1144 424 fluctus.

226 436 303 473 Hic
322 436 427 473 laeta
446 441 634 474 extremis
653 451 742 487 spes
762 444 823 476 est
841 452 1006 476 accensa
1024 440 1190 484 duobus,

170 489 358 539 Sergesto
378 491 673 541 Mnestheique,
694 492 808 541 Gyan
828 505 1013 541 superare
1031 499 1263 530 morantem.

169 543 379 593 Sergestus
392 547 497 593 capit
508 550 602 582 ante
614 546 743 581 locum
755 546 994 595 scopuloque
1006 550 1257 597 propinquat,
1274 551 1345 583 185

168 610 243 633 nec
262 602 348 634 tota
365 602 502 634 tamen
519 599 587 635 ille
607 602 711 648 prior
730 605 948 648 praeeunte
967 603 1118 644 carina;

169 656 282 699 parte
301 653 431 700 prior;
460 657 613 701 partem
633 658 758 689 rostro
778 657 923 702 premit
940 654 1096 690 aemula
1118 654 1261 690 Pristis.

169 709 210 741 at
230 705 359 741 media
378 708 502 742 socios
521 706 712 743 incedens
730 720 829 743 nave
849 720 919 756 per
937 710 1040 756 ipsos

169 757 350 794 hortatur
370 759 627 795 Mnestheus:
656 764 680 780 “
692 773 810 805 nunc,
830 773 936 797 nunc
954 764 1147 811 insurgite
1166 762 1296 806 remis,

169 811 364 848 Hectorei
384 816 489 858 socii,
510 812 650 849 Troiae
670 826 767 862 quos
785 819 890 850 sorte
910 827 1093 864 suprema
1275 817 1348 856 190

168 865 303 914 delegi
321 869 510 910 comites3
537 879 645 903 nunc
664 867 750 903 illas
770 870 942 916 promite
961 871 1065 913 viris,

168 932 274 955 nunc
293 921 456 964 animos,
477 920 618 969 quibus
638 922 679 956 in
701 920 881 957 Gaetulis
901 921 1082 970 Syrtibus
1101 923 1162 958 usi

170 972 361 1021 Ionioque
380 975 476 1009 mari
500 973 735 1023 Maleaeque
755 975 987 1023 sequacibus
1007 975 1133 1012 undis.

168 1039 248 1062 non
268 1029 344 1062 iam
364 1029 488 1076 prima
508 1032 603 1076 peto
624 1027 860 1065 Mnestheus
879 1041 1010 1078 neque
1030 1031 1190 1065 vincere
1209 1033 1339 1071 certo3

168 1092 404 1129 quamquam
435 1081 582 1117 o—sed
620 1086 823 1130 superent,
853 1083 994 1131 quibus
1025 1081 1112 1129 hoc,
1147 1083 1350 1131 Neptune,

272 1133 471 1170 dedisti—
1278 1139 1348 1177 195

168 1192 367 1223 extremos
386 1187 535 1236 pudeat
555 1188 715 1224 rediisse
733 1201 741 1231 3
772 1188 845 1224 hoc
865 1191 1024 1235 vincite,
1045 1191 1161 1235 cives,

168 1245 210 1277 et
230 1240 440 1289 prohibete
459 1241 607 1277 nefas.”
664 1241 729 1277 olli
751 1245 968 1279 certamine
988 1256 1140 1279 summo

167 1295 435 1342 procumbunt
453 1307 462 1338 3
491 1297 610 1330 vastis
630 1297 766 1331 tremit
784 1296 928 1332 ictibus
946 1309 1062 1332 aerea
1080 1298 1235 1345 puppis,

167 1347 491 1397 subtrahiturque
511 1348 637 1384 solum
655 1361 663 1391 ;
693 1354 777 1384 tum
797 1350 935 1385 creber
953 1349 1151 1386 anhelitus
1171 1355 1276 1385 artus

168 1400 354 1450 aridaque
373 1415 439 1437 ora
458 1404 598 1450 quatit,
619 1402 737 1437 sudor
756 1401 841 1439 fluit
860 1402 1036 1452 undique
1056 1406 1157 1440 rivis.
1273 1406 1349 1439 200

166 1454 305 1491 attulit
323 1458 406 1503 ipse
427 1458 518 1491 viris
536 1460 717 1503 optatum
737 1468 847 1492 casus
867 1455 1068 1493 honorem.

168 1521 337 1557 namque
358 1508 492 1545 fui-cns
510 1511 629 1544 animi
650 1508 744 1544 dum
765 1522 919 1558 proram
939 1509 988 1545 ad
1009 1523 1099 1546 saxa
1119 1510 1310 1559 suburget

167 1564 332 1598 interior
351 1564 557 1611 spatioque
577 1562 683 1598 subit
702 1562 911 1611 Sergestus
931 1566 1078 1612 iniquo,

167 1615 307 1652 infelix
327 1618 427 1651 saxis
447 1618 487 1651 in
507 1617 828 1664 procurrentibus
850 1616 989 1653 haesit.

167 1681 380 1705 concussae
399 1674 548 1713 cautes,
567 1673 609 1704 et
628 1674 744 1705 acuto
763 1671 803 1705 in
822 1672 971 1706 murice
990 1672 1088 1705 remi
1274 1674 1348 1707 905

167 1722 301 1758 obnixi
322 1734 525 1770 crepuere,
545 1722 737 1771 inlisaque
757 1736 873 1771 prora
892 1723 1100 1772 pependit.

168 1781 413 1824 consurgunt
432 1781 577 1812 nautae
598 1780 640 1812 et
658 1789 804 1824 magno
823 1776 992 1812 clamore
1011 1781 1214 1813 morantur

168 1828 411 1878 ferratasque
431 1829 568 1865 trudes
588 1833 629 1865 et
647 1834 763 1865 acuta
782 1829 944 1878 cuspide
965 1835 1101 1866 contos

169 1882 388 1931 expediunt
407 1881 631 1932 fractosque
652 1882 792 1931 legunt
811 1885 851 1919 in
872 1886 1030 1932 gurgite
1049 1896 1187 1920 remos.

212 1952 258 1971 ¹⁸⁷
284 1956 412 1993 partem
429 1954 490 1985 M.-
516 1954 639 1992 partim
656 1954 728 1987 PR.
924 1953 971 1972 ¹⁹³
995 1965 1094 1985 aurea
1108 1953 1220 1986 M¹P¹.

214 1995 260 2014 ²⁰²
281 1997 394 2027 animo
410 1994 491 2036 P71.
539 2007 638 2035 prora
655 1998 703 2027 M.
925 1996 972 2016 ²⁰⁹
997 1998 1094 2029 sudes
1112 1997 1156 2029 M.

170 2055 246 2087 458
