1430 2335
679 91 871 128 VIRGIL

188 171 367 207 laudibus
389 169 527 206 Italiae
548 173 718 215 certent,
738 182 819 206 non
840 169 979 206 Bactra
999 181 1129 218 neque
1152 168 1240 204 Indi

188 229 351 273 totaque
371 222 546 260 turiferis
569 222 763 259 Panchaia
782 225 940 272 pinguis
959 222 1126 259 harenis.
1311 233 1364 256 ΜΡ

190 277 285 313 haec
306 276 389 312 loca
409 289 489 312 non
509 278 612 312 tauri
633 278 829 325 spirantes
849 276 1007 312 naribus
1027 278 1161 324 ignem
1290 275 1363 312 140

189 333 385 366 invertere
406 332 499 366 satis
519 331 700 365 immanis
721 328 908 365 dentibus
928 329 1043 378 hydri

188 397 262 420 nec
283 383 405 432 galeis
425 382 639 432 densisque
660 385 785 419 virum
805 395 919 431 seges
941 382 1093 419 horruit
1113 382 1248 427 hastis,
1282 414 1287 419 t

189 436 258 473 sed
278 436 464 485 gravidae
484 436 619 485 fruges
639 440 681 472 et
701 435 845 472 Bacchi
871 436 1059 472 Massicus
1080 448 1191 472 umor

189 489 427 539 implevere;
457 494 601 527 tenent
620 489 730 526 oleae
750 494 1007 539 armentaque
1026 489 1141 526 laeta.

190 543 282 579 hinc
303 543 470 580 bellator
491 555 614 592 equus
633 555 771 592 campo
791 555 876 579 sese
895 543 1038 579 arduus
1058 541 1190 588 infert,
1296 541 1366 580 145

190 597 282 633 hinc
303 596 393 642 albi,
415 596 630 642 Clitumne,
651 609 792 645 greges
813 601 855 633 et
874 599 1043 632 maxima
1062 601 1197 633 taurus

191 653 361 695 victima,
382 663 499 699 saepe
520 655 589 687 tuo
609 649 757 699 perfusi
777 649 937 687 flumine
957 662 1076 694 sacro,

194 704 387 740 Romanos
407 704 456 739 ad
476 703 626 752 templa
646 703 765 740 deum
785 703 934 740 duxere
954 703 1187 752 triumphos.

192 757 255 793 hic
276 770 344 793 ver
362 757 570 793 adsiduum
590 762 710 806 atque
730 757 869 793 alienis
889 757 1088 793 mensibus
1109 761 1250 801 aestas,

192 811 250 847 bis
272 810 456 859 gravidae
478 810 660 859 pecudes,
681 811 740 847 bis
760 813 885 860 pomis
904 810 1012 847 utilis
1031 811 1153 848 arbos.
1295 809 1369 847 150

192 869 233 900 at
253 863 412 900 rabidae
433 866 556 913 tigres
577 864 722 900 absunt
741 869 783 900 et
803 877 916 900 saeva
935 863 1095 900 leonum

193 920 355 962 semina,
377 930 451 954 nec
471 920 633 954 miseros
653 917 797 953 fallunt
817 920 972 954 aconita
992 917 1175 966 legentis,

194 984 267 1007 nec
288 973 390 1019 rapit
409 973 620 1008 immensos
641 972 743 1007 orbis
763 983 834 1019 per
852 970 1016 1007 humum
1036 984 1166 1020 neque
1187 975 1300 1008 tanto

194 1037 403 1073 squameus
424 1027 464 1060 in
485 1027 628 1073 spiram
651 1029 778 1061 tractu
801 1037 842 1061 se
864 1024 1015 1073 colligit
1034 1027 1184 1073 anguis.

194 1078 295 1114 adde
316 1083 376 1114 tot
398 1081 578 1126 egregias
598 1078 713 1114 urbes
733 1090 976 1127 operumque
996 1078 1182 1123 laborem,
1298 1078 1368 1116 155

195 1136 256 1167 tot
276 1136 465 1179 congesta
485 1144 602 1167 manu
625 1134 845 1180 praeruptis
866 1131 1010 1180 oppida
1030 1134 1130 1168 saxis

195 1184 433 1233 fluminaque
454 1188 637 1234 antiquos
658 1184 971 1221 subterlabentia
991 1198 1131 1221 muros.

195 1251 244 1273 an
261 1251 380 1283 mare,
398 1238 503 1287 quod
520 1251 648 1287 supra,
662 1251 892 1283 memorem,
906 1238 1090 1287 quodque
1103 1238 1229 1275 adluit
1244 1238 1371 1276 infra?

195 1304 298 1327 anne
320 1291 427 1327 lacus
447 1293 607 1328 tantos?
637 1296 692 1336 te,
714 1291 803 1327 Lari
824 1295 1008 1337 maxime,
1026 1297 1161 1341 teque,

196 1344 377 1380 fluctibus
398 1349 440 1381 et
460 1344 621 1381 fremitu
640 1345 857 1393 adsurgens
877 1345 1032 1382 Benace
1052 1347 1229 1382 marino?
1299 1347 1372 1383 160

196 1411 246 1433 an
266 1410 481 1434 memorem
502 1403 638 1447 portus
660 1398 908 1447 Lucrinoque
929 1398 1064 1435 addita
1084 1399 1252 1436 claustra

197 1456 315 1500 atque
336 1451 589 1499 indignatum
608 1454 761 1500 magnis
781 1451 1012 1488 stridoribus
1031 1465 1189 1501 aequor,

199 1504 297 1540 Iulia
318 1517 393 1553 qua
414 1509 537 1553 ponto
557 1505 674 1553 longe
696 1510 809 1541 sonat
829 1505 934 1541 unda
953 1505 1083 1541 refuso

198 1557 505 1607 Tyrrhenusque
527 1558 639 1594 fretis
659 1561 888 1595 immittitur
908 1564 1038 1595 aestus
1059 1559 1254 1597 Avernis?

198 1611 294 1646 haec
315 1611 455 1647 eadem
476 1614 632 1660 argenti
654 1614 754 1647 rivos
774 1614 954 1661 aerisque
978 1612 1139 1649 metalla
1302 1614 1371 1652 165

198 1664 374 1701 ostendit
395 1667 504 1702 venis
525 1670 645 1715 atque
666 1677 758 1701 auro
779 1665 945 1714 plurima
966 1665 1089 1704 fluxit.

624 1749 667 1768 ¹⁴4
690 1749 850 1791 oleaeque
865 1749 930 1781 ΜΖ,

243 1880 256 1901 ¹
278 1883 331 1914 i.e.
352 1881 447 1923 Italy
460 1886 585 1913 cannot
597 1882 695 1914 boast
709 1883 744 1914 of
758 1883 840 1914 such
855 1884 1021 1924 mythical
1033 1884 1157 1926 glories
1172 1896 1209 1916 as
1224 1886 1367 1926 Colchis,

201 1924 314 1956 where
335 1924 442 1956 Jason
467 1925 580 1965 yoked
604 1925 663 1956 the
686 1925 946 1969 fire-breathing
970 1937 1056 1959 oxen
1083 1927 1151 1959 and
1176 1929 1289 1961 sowed
1313 1930 1372 1962 the

203 1967 298 1999 tceth
313 1967 349 1999 of
364 1967 423 2000 the
440 1967 580 1999 Theban
596 1967 735 2010 dragon.

206 2027 274 2064 126
