1430 2335
662 106 855 143 VIRGIL

671 226 855 251 CORYDON

172 288 345 324 Muscosi
364 285 496 322 fontes
517 289 558 321 et
577 297 715 321 somno
735 284 891 320 mollior
909 284 1045 329 herba,

171 346 215 377 et
233 353 333 389 quae
354 352 422 375 vos
436 351 522 374 rara
542 338 676 374 viridis
696 340 802 386 tegit
820 338 985 374 arbutus
1003 338 1157 383 umbra,

172 394 386 430 solstitium
406 393 539 441 pecori
558 390 788 428 defendite:
818 393 895 427 iam
921 394 1033 428 venit
1050 396 1179 427 aestas

171 447 333 492 torrida,
347 448 424 482 iam
444 445 550 482 laeto
569 449 736 494 turgent
753 446 796 481 in
815 445 980 494 palmite
999 457 1195 494 gemmae.

686 611 852 635 THYRSIS

177 670 256 706 Hic
277 669 386 706 focus
407 673 449 706 et
469 668 612 705 taedae
634 671 817 718 pingues,
836 668 900 704 hic
921 668 1113 718 plurimus
1134 670 1238 718 ignis

176 737 333 772 semper
352 728 394 760 et
413 722 578 759 adsidua
596 727 730 771 postes
749 722 918 771 fuligine
938 724 1042 771 nigri
1060 735 1068 758 :

175 777 239 813 hic
258 782 418 813 tantum
440 776 588 813 Boreae
608 788 789 813 curamus
809 775 967 824 frigora,
987 780 1181 825 quantum

176 836 245 866 aut
264 843 472 866 numerum
494 829 608 878 lupus
628 835 697 866 aut
716 832 911 866 torrentia
930 828 1091 865 flumina
1112 831 1226 878 ripas.

679 999 864 1023 CORYDON

179 1059 297 1095 Stant
317 1063 358 1095 et
378 1060 547 1108 iuniperi
569 1062 610 1094 et
631 1063 839 1094 castaneae
860 1057 1049 1102 hirsutae,

1304 287 1353 320 45

1310 726 1360 758 50

180 1117 305 1148 strata
324 1115 456 1148 iacent
476 1114 617 1160 passim
640 1124 708 1147 sua
728 1124 910 1161 quaeque
929 1112 1002 1148 sub
1021 1111 1161 1148 arbore
1183 1125 1312 1161 poma,

179 1169 310 1202 omnia
328 1178 434 1201 nuuc
455 1165 589 1201 rident
606 1177 615 1201 ε
642 1170 684 1201 at
704 1168 734 1201 si
756 1164 946 1201 formosus
967 1164 1103 1201 Alexis

179 1220 382 1255 montibus
403 1218 464 1255 his
483 1219 614 1263 abeat,
634 1218 767 1255 videas
788 1223 829 1255 et
848 1218 1008 1254 flumina
1028 1221 1141 1255 sicca.

692 1331 856 1356 ‘rffi'izsxs

184 1390 283 1426 Aret
301 1402 408 1439 ager,
429 1391 524 1426 vitio
545 1392 717 1426 moriens
737 1392 822 1426 sitit
838 1392 938 1426 aeris
957 1389 1092 1435 herba,

186 1443 307 1479 Liber
325 1445 558 1492 pampineas
579 1443 722 1480 invidit
742 1443 906 1480 collibus
925 1444 1106 1480 umbras:

184 1496 375 1545 Phyllidis
394 1496 569 1533 adventu
586 1502 742 1533 nostrae
762 1510 902 1533 nemus
922 1509 1039 1533 omne
1060 1497 1217 1543 virebit,

185 1550 368 1599 Iuppiter
388 1555 430 1587 et
449 1550 555 1586 laeto
575 1550 796 1587 descendet
815 1550 1006 1599 plurimus
1026 1550 1153 1586 imbri.

691 1712 877 1737 CORYDON

190 1769 362 1819 Populus
385 1770 547 1807 Alcidae
569 1773 803 1819 gratissima,
823 1773 913 1807 vitis
935 1770 1092 1816 Iaccho,

185 1823 380 1860 formosae
399 1829 552 1872 myrtus
573 1824 731 1869 Veneri,
753 1838 820 1860 sua
841 1825 973 1861 laurea
995 1824 1156 1861 Phoebo
1173 1837 1181 1861 τ

189 1877 340 1926 Phyllis
361 1883 471 1914 amat
490 1878 664 1926 corylos3
694 1878 780 1914 illas
800 1878 894 1914 dum
918 1878 1068 1927 Phyllis
1088 1879 1251 1924 amabit,

187 1943 262 1967 nec
277 1936 430 1980 myrtus
453 1925 584 1967 vincet
604 1931 756 1981 corylos
775 1944 850 1968 nec
869 1932 1004 1968 laurea
1022 1931 1184 1968 Phoebi.

364 2000 394 2020 ⁴⁸
417 2003 510 2035 lento
526 2001 622 2034 PM2.
985 2002 1014 2022 ⁵⁸
1039 2003 1146 2035 aberit
1162 2003 1200 2035 P.

189 2060 238 2092 52

1316 1169 1363 1201 55

1316 1547 1366 1586 60

1426 691 1430 702 -
1419 272 1430 673 μή.-ἰ“-.-“ι-ῠιτΑ-.ιΔ-Λαῃ.-.Μ
1419 223 1430 258 ..r-c
1421 179 1430 211 -n
