1430 2335
706 92 901 130 VIRGIL

211 168 274 203 vix
295 178 341 203 ea
360 165 464 204 fatus
484 171 581 212 erat,
601 179 690 204 cum
709 167 944 205 circumfusa
960 173 1130 217 repente
1286 180 1388 204 FMPR

213 220 356 256 scindit
377 234 417 257 se
438 222 564 257 nubes
585 226 626 257 et
644 224 687 257 in
705 222 868 259 aethera
886 228 1030 271 purgat
1049 226 1242 271 apertum.

212 276 360 310 restitit
380 275 537 311 Aeneas
556 274 736 324 claraque
754 278 796 311 in
814 275 903 312 luce
921 275 1090 321 refulsit,

212 340 254 364 os
273 340 509 377 umerosque
529 328 605 364 deo
623 328 758 365 similis
775 340 784 371 ;
811 341 981 378 namque
1000 331 1083 377 ipsa
1102 328 1284 365 decoram

213 383 425 417 caesariem
444 387 539 418 nato
558 384 741 430 genetrix
762 382 977 431 lumenque
996 384 1182 418 iuventae
1315 385 1390 423 590

212 446 454 483 purpureum
475 440 516 471 et
534 434 660 471 laetos
680 435 802 471 oculis
822 435 985 472 adflarat
1004 435 1174 472 honores
1192 448 1201 479 ;

212 488 328 537 quale
347 501 486 524 manus
505 488 660 525 addunt
679 489 789 525 ebori
808 489 942 532 decus,
961 493 1030 525 aut
1049 489 1117 525 ubi
1134 487 1233 524 flavo

211 547 422 590 argentum
445 541 627 578 Pariusve
646 542 744 591 lapis
764 542 1029 578 circumdatur
1046 554 1150 578 auro.

211 599 298 630 tum
318 598 371 631 sic
390 598 566 644 reginam
588 594 814 644 adloquitur
832 598 1063 644 cunctisque
1082 600 1249 644 repente

211 650 444 697 improvisus
463 651 518 685 ait
535 661 541 685 :
573 652 597 668 “
613 661 755 692 coram,
776 661 894 698 quem
915 651 1116 697 quaeritis,
1136 648 1287 694 adsum,
1316 650 1390 689 595

212 701 351 738 Troius
372 703 540 747 Aeneas,
561 701 719 750 Libycis
740 707 900 751 ereptus
920 702 969 738 ab
989 702 1115 738 undis.

212 768 235 791 o
255 756 336 791 sola
354 755 537 792 infandos
557 755 697 791 Troiae
715 758 899 792 miserata
919 755 1084 800 labores,

212 822 313 858 quae
333 822 416 854 n08,
436 809 621 858 reliquias
642 809 840 854 Danaum,
861 815 1068 857 terraeque
1091 809 1287 858 marisque

211 863 393 899 omnibus
414 862 625 899 exhaustos
644 865 721 898 iam
742 863 906 907 casibus,
925 865 1101 898 omnium
1121 873 1282 910 egenos,

211 916 321 961 urbe,
342 917 460 952 domo
479 919 614 960 socias,
635 920 768 964 grates
788 915 1012 965 persolvere
1032 915 1172 963 dignas
1315 912 1393 951 600

212 982 292 1006 non
312 973 396 1018 opis
417 974 477 1006 est
498 974 669 1014 nostrae,
691 968 808 1013 Dido,
828 982 903 1005 nec
927 968 1119 1018 quidquid
1139 968 1286 1017 ubique
1306 973 1367 1005 est

212 1026 344 1071 gentis
366 1023 604 1067 Dardaniae,
624 1035 811 1071 magnum
834 1034 934 1072 quae
953 1034 1084 1071 sparsa
1102 1034 1174 1070 per
1191 1021 1342 1059 orbem.

212 1076 253 1113 di
274 1077 363 1122 tibi,
383 1080 413 1113 si
434 1090 511 1126 qua
530 1079 614 1125 pios
633 1080 864 1125 respectant
883 1078 1059 1120 numina,
1079 1078 1110 1111 si
1130 1075 1224 1124 quid

211 1143 375 1180 usquam
397 1133 550 1166 iustitia
569 1134 642 1172 est,
664 1135 706 1166 et
724 1142 837 1166 mens
857 1130 930 1165 sibi
950 1131 1105 1165 conscia
1126 1131 1239 1172 recti,

212 1187 387 1232 praemia
402 1184 524 1232 digna
537 1182 682 1219 ferant.
720 1195 820 1232 quae
836 1188 877 1218 te
893 1188 975 1218 tam
990 1182 1095 1218 laeta
1108 1181 1289 1218 tulerunt
1317 1179 1392 1217 605

213 1238 399 1273 saecula?
451 1240 517 1286 qui
540 1238 643 1272 tanti
662 1236 785 1271 talem
804 1248 980 1284 genuere
1000 1239 1184 1284 parentes
1202 1235 1216 1269 ?

212 1293 253 1327 in
274 1290 377 1327 freta
396 1290 490 1327 dum
512 1289 617 1326 fluvii
637 1294 811 1332 current,
831 1289 927 1325 dum
947 1289 1149 1325 montibus
1167 1287 1330 1324 umbrae

212 1344 438 1381 lustrabunt
457 1355 645 1387 convexa,
666 1342 778 1391 polus
798 1342 893 1378 dum
913 1342 1041 1379 sidera
1060 1346 1208 1390 pascet,

212 1411 370 1446 semper
389 1397 513 1433 honos
532 1409 759 1445 nomenque
778 1401 890 1432 tuum
912 1395 1128 1444 laudesque
1147 1394 1380 1438 manebunt,

213 1464 313 1500 quae
333 1464 397 1488 me
417 1463 587 1499 cumque
607 1454 751 1486 vocant
771 1449 938 1486 terrae.”
995 1451 1049 1485 sic
1069 1448 1188 1493 fatus,
1206 1450 1375 1483 amicum

214 1505 366 1541 Ilionea
385 1507 490 1553 petit
510 1503 654 1540 dextra
672 1503 863 1552 laevaque
887 1502 1104 1546 Serestum,
1317 1499 1389 1537 611

212 1564 302 1607 post
313 1558 422 1602 alios,
436 1558 659 1606 sortemque
673 1555 789 1605 Gyan
802 1555 1028 1605 fortemque
1042 1554 1291 1591 Cloanthum.
1315 1565 1393 1590 Mra

267 1612 475 1660 Obstipuit
493 1613 620 1660 primo
638 1614 802 1659 aspectu
822 1608 984 1646 Sidonia
1002 1608 1122 1653 Dido,

213 1678 305 1702 casu
323 1665 469 1702 deinde
490 1666 562 1700 viri
582 1668 707 1707 tanto,
727 1668 769 1699 et
788 1665 843 1699 sic
861 1675 928 1699 ore
947 1663 1079 1698 locuta
1099 1666 1184 1698 est:

213 1723 238 1740 “
251 1722 338 1768 quis
358 1723 412 1764 te,
433 1723 526 1754 nate
547 1718 635 1762 dea,
656 1729 726 1765 per
744 1721 856 1752 tanta
876 1715 1051 1764 pericula
1070 1727 1181 1751 casus
1317 1711 1391 1749 615

213 1773 463 1821 insequitur?
517 1783 618 1820 quae
640 1773 694 1806 vis
714 1770 951 1805 immanibus
970 1768 1142 1817 applicat
1161 1769 1237 1803 oris
1253 1768 1267 1803 ?

258 1835 306 1854 ⁵⁹⁰
328 1844 520 1872 numenque
536 1834 590 1865 Fl.
640 1834 780 1864 iuventa
795 1833 833 1864 P.
924 1831 970 1851 ⁵⁹¹
996 1831 1138 1862 adflavit
1154 1831 1210 1861 Pl.

257 1877 304 1897 ⁵⁹³
332 1879 511 1914 Parin-sque
527 1877 566 1907 P.
926 1875 972 1893 ⁵⁹²³
998 1874 1175 1905 exhaustis
1191 1872 1391 1911 17¹,Se7·2·z’113.

257 1920 304 1939 ⁶⁰⁴
329 1921 481 1951 iustitiae
496 1918 650 1950 FM2PR.

261 1962 308 1982 ⁶⁰⁸
331 1973 486 1995 convexa
512 1973 576 1992 ‘was
606 1962 700 1991 taken
730 1961 807 1990 with
838 1960 949 1992 sidera
979 1960 1018 2000 by
1048 1969 1137 1997 some,
1163 1958 1336 1998 accordiny
1363 1963 1392 1988 to

214 2008 354 2038 iS'crve'us.
401 2008 515 2046 poscet
531 2005 578 2036 F:
601 2005 708 2043 pascit
726 2004 772 2034 M.

215 2062 290 2094 282
