1430 2335
646 107 836 144 VIRGIL

155 181 272 217 altius
293 182 339 217 ad
363 184 491 217 vivum
515 182 691 230 persedit
711 188 751 219 et
772 182 928 219 horrida
947 197 1043 221 cano

156 236 293 271 bruma
313 236 418 284 gelu,
440 234 500 271 vel
519 248 608 271 cum
627 238 750 271 tonsis
769 237 914 273 inlotus
933 237 1114 276 adhaesit

156 288 285 333 sudor,
307 293 348 324 et
367 289 507 324 hirsuti
527 294 739 325 secuerunt
759 302 919 339 corpora
938 305 1088 340 vepres.

156 341 336 377 dulcibus
356 341 502 378 idcirco
521 341 648 378 fluviis
667 355 787 391 pecus
806 357 922 380 omne
942 348 1120 393 magistri
1256 350 1330 383 4i5

156 395 414 442 perfundunt,
433 395 599 444 udisque
618 398 717 432 aries
737 399 775 431 in
797 400 955 445 gurgite
977 398 1076 434 villis

156 453 362 493 mersatur,
384 451 603 498 missusque
624 449 798 485 secundo
819 450 958 487 defluit
976 454 1082 487 amni
1099 463 1107 494 ;

155 506 225 537 aut
244 507 400 537 tonsum
419 505 522 538 tristi
540 505 781 552 contingunt
799 516 938 552 corpus
957 518 1125 550 amurca,

157 560 198 590 et
218 568 373 603 spumas
393 558 563 591 miscent
582 558 737 605 argenti
759 558 924 606 vivaque
945 557 1104 606 sulpura

158 607 376 657 Idaeasque
396 611 501 657 pices
522 614 562 645 et
583 611 737 657 pinguis
752 613 927 658 unguine
948 623 1054 647 ceras
1255 617 1330 649 450

156 661 385 710 scillamque
406 662 677 711 elleborosque
697 665 824 710 gravis
844 666 1080 713 nigrumque
1103 665 1292 702 bitumen.

156 727 235 749 non
255 720 387 751 tumen
411 715 488 751 ulla
508 718 633 764 magis
653 729 837 764 praesens
857 718 1015 753 fortuna
1035 719 1209 754 laborum
1231 725 1303 764 est,

156 781 272 816 quam
295 771 324 803 si
346 771 431 817 quis
451 768 554 805 ferro
575 772 703 817 potuit
723 770 946 806 rescindere
966 783 1161 807 summum

157 821 297 857 ulceris
316 835 358 857 os
377 836 384 856 :
412 822 531 858 alitur
551 825 688 858 vitium
709 825 883 872 vivitque
902 824 1092 872 tegendo,

156 874 251 910 dum
273 875 445 910 medicas
465 874 655 911 adhibere
675 889 812 912 manus
832 877 881 913 ad
902 878 1061 913 volnera
1082 883 1215 926 pastor
1254 882 1329 914 455

155 928 341 977 abnegat,
361 933 401 963 et
422 928 583 964 meliora
603 929 697 964 deos
716 929 830 965 sedet
849 932 978 966 onmia
1000 943 1173 979 poscens.

156 983 251 1029 quin
272 983 404 1025 etiam,
425 984 501 1017 ima
521 981 633 1017 dolor
653 982 857 1018 balantum
877 982 1005 1032 lapsus
1025 984 1074 1019 ad
1095 996 1179 1020 ossa

157 1046 245 1069 cum
267 1033 361 1070 furit
379 1040 501 1083 atque
521 1039 629 1070 artus
650 1034 874 1083 depascitur
893 1036 1001 1072 arida
1022 1036 1155 1079 febris,

156 1087 305 1135 profuit
325 1089 503 1123 incensos
522 1092 653 1123 aestus
673 1093 852 1125 avertere
874 1094 914 1125 et
935 1092 1040 1125 inter

156 1142 233 1176 ima
254 1139 370 1175 ferire
391 1140 502 1189 pedis
523 1140 731 1177 salientem
751 1144 941 1190 sanguine
964 1155 1115 1189 venam,
1252 1142 1329 1180 460

158 1193 328 1229 Bisaltae
349 1206 425 1242 quo
444 1205 552 1228 more
574 1193 702 1229 solent
721 1207 889 1244 acerque
910 1194 1098 1238 Gelonus,

156 1260 244 1282 cum
266 1246 367 1293 fugit
389 1249 426 1281 in
451 1246 670 1294 Rhodopen
690 1253 810 1296 atque
830 1250 869 1283 in
890 1248 1047 1284 deserta
1069 1249 1273 1296 Getarum,

157 1305 197 1335 et
219 1300 276 1335 lac
297 1305 525 1335 concretum
548 1312 635 1335 cum
656 1303 847 1349 sanguine
868 1306 980 1349 potat
1002 1305 1155 1351 equino.

156 1366 271 1402 quam
295 1353 429 1401 procul
450 1358 518 1388 aut
537 1352 647 1387 molli
668 1350 880 1389 succedere
902 1357 1054 1403 saepius
1078 1356 1236 1393 umbrae

155 1407 312 1450 videris,
331 1410 400 1441 aut
421 1418 589 1441 summas
610 1412 840 1455 carpentem
861 1409 1038 1456 ignavius
1060 1408 1199 1445 herbas
1251 1409 1325 1447 465

156 1465 452 1508 extremamque
474 1461 596 1507 sequi,
617 1464 685 1494 aut
705 1460 837 1496 medio
858 1461 1114 1508 procumbere
1136 1475 1273 1511 camp)

155 1517 399 1561 pascentem,
420 1516 459 1547 ct
480 1524 588 1547 serae
610 1512 731 1548 solam
752 1513 947 1549 decedere
968 1518 1089 1558 nocti,

155 1568 342 1601 continuo
362 1565 516 1613 culpam
537 1564 640 1600 ferro
661 1578 878 1614 compesce,
899 1569 1006 1615 prius
1026 1580 1141 1616 quam

155 1619 239 1654 dira
259 1631 329 1667 per
349 1620 548 1654 incautum
570 1624 730 1667 serpant
749 1622 930 1668 contagia
950 1620 1097 1668 volgus

154 1684 232 1707 non
252 1677 333 1707 tam
354 1672 490 1707 creber
509 1684 630 1720 agens
652 1671 822 1707 hiemem
841 1675 920 1708 ruit
939 1686 1109 1722 aequore
1129 1676 1257 1719 turbo,

154 1737 270 1773 quam
286 1725 436 1760 multae
450 1724 647 1773 pecudum
664 1729 806 1773 pestes.
851 1738 924 1761 nec
937 1727 1091 1775 singula
1107 1729 1232 1764 morbi
1251 1731 1320 1767 471

154 1791 315 1826 corpora
335 1780 565 1826 corripiunt,
587 1777 655 1814 sed
678 1783 761 1813 tota
781 1781 929 1814 aestiva
951 1785 1130 1828 repente,

197 1836 241 1855 ‘³4³
266 1838 405 1868 hirsutis
423 1836 499 1868 MR.

196 1880 238 1898 ⁴⁴⁹
262 1884 293 1911 et
305 1880 441 1917 sulpura
452 1881 529 1910 viva
544 1886 618 1911 most
632 1879 725 1911 MSS.
736 1894 744 1912 .·
762 1882 909 1919 vivaque
923 1883 1059 1920 sulpura
1071 1883 1112 1920 122,
1133 1882 1324 1924 amm-obius,

153 1923 296 1960 Servius,
313 1923 416 1953 Bet-nc
432 1923 570 1953 Scholia.
820 1924 862 1942 4⁵⁶
887 1928 945 1955 aut-
961 1925 1038 1955 MR.
1084 1928 1198 1957 omina
1214 1937 1239 1958 e.

199 1965 238 1984 ¹⁵2
262 1966 378 2004 atque]
394 1968 451 1995 aut
467 1964 515 1995 M.
630 1966 672 1984 ³⁰5
697 1966 770 2005 aut]
786 1969 818 1997 et
837 1966 898 1998 Ml.
948 1968 1119 2007 ignavius]
1135 1970 1271 2007 segnius
1287 1970 1324 2001 R.

196 2007 240 2026 ‘¹⁶⁶
262 2008 487 2040 concumbere
502 2007 539 2039 P.
631 2008 674 2027 Μ
698 2012 838 2047 serpunt
855 2008 893 2042 P.
1059 2011 1102 2029 ‘¹⁷⁰
1125 2022 1268 2049 aequora
1285 2013 1322 2043 R.

161 2050 229 2088 186
