1430 2335
683 91 875 129 VIRGIL

679 197 879 223 MENALCAS

190 254 242 291 Et
261 266 324 290 me
347 254 527 291 Phoebus
547 259 676 298 amat3
708 254 868 292 Phoebo
891 268 959 292 sua
979 268 1135 305 semper
1153 256 1258 305 apud
1278 270 1340 293 me

188 320 352 344 munera
371 313 478 353 sunt,
498 308 596 344 lauri
617 313 660 345 et
679 321 796 345 suave
817 309 962 346 rubens
982 309 1230 360 hyacinthus.

677 422 879 447 DAMOETAS

191 479 297 516 Malo
316 492 380 515 me
403 479 570 515 Galatea
589 482 706 528 petit,
726 479 870 516 lasciva
889 480 1033 529 puella,

188 538 230 570 et
249 533 353 581 fugit
372 532 421 569 ad
442 532 593 578 salices,
614 538 656 570 et
676 545 718 569 se
739 536 849 582 cupit
868 538 962 570 ante
983 534 1117 572 videri.
1316 536 1365 573 65

675 630 875 655 MENALCAS

188 689 243 724 At
262 688 358 724 mihi
378 700 464 724 sese
485 687 600 724 offert
618 687 736 732 ultro,
754 701 867 724 meus
887 690 1002 737 ignis,
1023 688 1230 738 Amyntas,

187 744 316 778 notior
333 746 379 778 ut
399 744 475 777 iam
496 744 547 778 sit
567 742 728 778 canibus
748 754 828 777 non
850 741 966 778 Delia
986 745 1140 779 nostris.

674 839 877 863 DAMOETAS

190 898 302 934 Parta
321 909 433 933 meae
454 896 601 933 Veneri
621 902 714 933 sunt
732 910 920 934 munera:
950 910 1121 946 namque
1141 902 1275 935 notavi

186 954 269 1000 ipse
288 950 432 996 locum,
451 953 579 986 aeriae
599 963 676 999 quo
696 963 932 1000 congessere
952 950 1167 1000 palumbes.

674 1064 702 1088 M
708 1063 874 1089 ENALCAS

186 1131 302 1177 Quod
323 1133 446 1180 potui,
468 1143 589 1179 puero
609 1130 777 1167 silvestri
799 1143 847 1166 ex
866 1131 1003 1167 arbore
1023 1130 1128 1167 lecta
1316 1133 1365 1171 70

184 1198 301 1221 aurea
321 1184 423 1220 mala
442 1184 581 1220 decem
601 1186 713 1221 misi:
741 1196 825 1220 cras
844 1183 969 1220 altera
989 1186 1154 1222 mittam.

673 1314 877 1339 DAMOETAS

184 1374 220 1411 O
241 1377 425 1423 quotiens
446 1377 487 1409 et
507 1385 607 1422 quae
627 1373 740 1408 nobis
760 1372 929 1408 Galatea
948 1372 1080 1409 locuta
1100 1373 1185 1410 est!
1340 1386 1361 1410 R

183 1434 337 1477 partem
355 1427 539 1476 aliquam,
561 1429 685 1472 venti,
705 1426 836 1462 divom
857 1426 1038 1463 referatis
1057 1425 1108 1462 ad
1126 1428 1241 1464 auris.

672 1532 698 1556 M
705 1532 751 1556 EN
758 1533 870 1556 ALCAS

183 1591 289 1638 Quid
310 1591 486 1640 prodest,
505 1590 611 1640 quod
630 1603 694 1627 me
715 1593 799 1639 ipse
819 1592 951 1626 animo
970 1602 1049 1626 non
1069 1592 1234 1639 spernis,

288 1647 479 1693 Amynta,

181 1702 225 1745 si,
245 1698 339 1734 dum
360 1704 401 1734 'cu
424 1699 583 1734 sectaris
604 1710 730 1747 apros,
751 1709 826 1746 ego
846 1699 945 1733 retia
965 1697 1102 1733 servo?
1312 1697 1360 1735 75

672 1795 875 1819 DAMOETAS

184 1853 364 1903 Phyllida
383 1857 499 1890 mitte
519 1853 616 1889 mihi
633 1866 641 1889 ε
670 1865 781 1889 meus
801 1857 864 1889 est
882 1852 1038 1896 natalis,
1060 1851 1179 1895 Iolla;

181 1921 269 1944 cum
289 1908 430 1943 faciam
451 1907 574 1943 vitula
593 1918 664 1955 pro
683 1906 876 1954 frugibus,
895 1908 980 1954 ipse
1003 1908 1144 1942 venito.

352 1982 378 2001 ⁷⁷
405 1983 513 2014 vitula
531 1983 672 2022 Servius,
694 1982 906 2013 Macrobius:
932 1980 1077 2012 vitulam
1095 1979 1198 2011 MSS.

181 2045 228 2083 22
