1430 2335
622 84 817 121 VIRGIL

127 167 354 199 consertum
373 166 568 210 tegumen
587 163 710 209 spinis
726 171 734 202 ;
763 165 805 197 at
825 164 960 197 cetera
978 161 1132 206 Graius,

128 221 170 252 et
189 215 387 265 quondam
408 216 545 263 patriis
563 214 613 250 ad
633 213 791 250 Troiam
809 216 949 250 missus
969 216 1009 249 in
1028 217 1146 250 armis
1229 217 1302 255 595

127 272 239 318 isque
259 269 327 305 ubi
348 267 569 304 Dardanios
589 267 750 304 habitus
770 272 812 304 et
831 267 947 303 Troia
967 266 1068 303 vidit

128 336 236 358 arma
255 321 408 371 procul,
428 321 586 371 paulum
609 326 773 370 aspectu
792 323 1032 357 conterritus
1052 320 1181 357 haesit

130 378 410 425 continuitque
430 375 596 424 gradum
613 387 621 418 ;
651 387 741 411 mox
761 387 848 411 sese
866 374 915 410 ad
935 374 1053 410 litora
1074 387 1262 423 praeceps

130 443 219 466 cum
240 429 336 466 fletu
357 429 618 479 precibusque
639 428 755 464 tulit:
785 432 881 477 ‘per
899 428 1028 464 sidera
1048 433 1187 472 testor,

131 496 202 532 per
222 496 383 532 superos
402 488 521 532 atque
542 481 617 518 hoc
637 481 736 518 caeli
756 481 939 530 spirabile
959 481 1108 525 lumen,
1229 479 1306 517 600

129 536 261 573 tollite
281 549 358 581 me,
377 536 520 573 Teucri
537 548 545 579 3
572 548 839 585 quascumque
858 534 1047 571 abducite
1065 540 1190 571 terras
1206 546 1214 578 ;

131 590 206 626 hoc
227 595 287 626 sat
307 593 394 626 erit.
451 592 530 625 scio
550 602 614 625 me
635 588 785 624 Danais
805 601 826 624 e
846 588 1033 624 classibus
1052 601 1189 633 unum,

132 649 174 680 et
192 644 299 680 bello
319 643 459 680 Iliacos
478 643 607 679 fateor
625 645 786 691 petiisse
809 642 980 678 Penatis.

133 710 203 747 pro
224 711 314 746 quo,
334 699 364 733 si
384 696 544 733 sceleris
562 701 676 732 tanta
695 701 757 732 est
776 698 916 730 iniuria
936 697 1073 740 nostri,

133 754 307 799 spargite
327 763 392 787 me
411 753 452 786 in
472 750 612 786 fluctus
625 755 813 799 vastoque
830 751 1055 798 immergite
1073 752 1195 797 ponto
1210 761 1218 785 :
1231 746 1306 784 605

135 808 165 840 si
186 817 319 853 pereo,
339 804 544 840 hominum
565 803 746 839 manibus
767 805 929 851 periisse
949 801 1124 838 iuvabit.’

134 858 288 894 dixerat
308 863 349 894 et
369 870 501 907 genua
519 857 726 905 amplexus
745 856 992 905 genibusque
1011 855 1192 892 volutans

134 912 337 948 haerebat.
394 913 460 960 qui
481 913 532 947 sit
551 910 635 948 fari.
657 923 734 959 quo
755 912 948 958 sanguine
969 914 1113 955 cretus,

135 965 354 1009 hortamur,
374 977 474 1013 quae
495 963 642 1000 deinde
662 966 791 1012 agitet
811 963 983 1007 fortuna,
1003 962 1133 1000 fateri.

133 1022 219 1067 ipse
237 1024 350 1067 pater
361 1018 543 1054 dextram
559 1016 766 1061 Anchises,
781 1016 886 1052 haud
901 1016 1024 1052 multa
1036 1021 1221 1060 moratus,
1235 1013 1311 1052 610

135 1073 206 1108 dat
226 1075 359 1109 iuveni
379 1077 499 1120 atque
519 1073 696 1107 animum
717 1072 918 1119 praesenti
936 1072 1102 1119 pignore
1121 1069 1260 1106 firmat.

135 1126 202 1162 ille
222 1125 333 1169 haec,
353 1125 534 1174 deposita
554 1124 717 1160 tandem
737 1123 960 1168 formidine,
982 1123 1109 1160 fatur:

135 1183 146 1199 ‘
160 1193 245 1215 sum
266 1181 393 1228 patria
413 1192 461 1215 ex
483 1177 632 1222 Ithaca,
653 1190 783 1214 comes
803 1177 971 1213 infelicis
992 1177 1114 1221 Ulixi,

136 1235 296 1269 nomine
318 1232 650 1276 Achaemenides,
670 1231 827 1267 Troiam
847 1233 1029 1278 genitore
1049 1230 1268 1266 Adamasto

136 1299 310 1335 paupere
339 1285 645 1336 (mansissetque
669 1287 822 1321 utinam
844 1284 1003 1321 fortuna
1018 1284 1044 1334 !)
1073 1283 1285 1333 profectus.

137 1339 202 1375 hic
223 1353 299 1384 me,
321 1339 414 1375 dum
436 1338 583 1388 trepidi
604 1338 778 1374 crudelia
800 1338 935 1373 limina
955 1337 1155 1386 linquunt,
1237 1334 1313 1374 616

138 1396 392 1429 immemores
412 1395 506 1428 socii
527 1397 636 1428 vasto
657 1391 839 1440 Cyclopis
858 1394 899 1427 in
918 1396 1033 1426 antro

138 1447 363 1483 deseruere.
420 1446 559 1482 domus
580 1448 688 1481 sanie
709 1445 957 1494 dapibusque
977 1446 1164 1485 cruentis,

136 1503 244 1537 intus
265 1513 400 1549 opaca,
420 1502 572 1549 ingens.
627 1502 712 1548 ipse
731 1499 888 1543 arduus,
908 1498 1067 1547 altaque
1088 1498 1218 1546 pulsat

137 1554 378 1598 sidera—di,
398 1553 519 1589 talem
540 1555 656 1589 terris
675 1555 845 1588 avertite
867 1556 1021 1600 pestem
1037 1551 1099 1587 !—
1238 1548 1315 1587 620

139 1620 214 1643 1166
235 1610 318 1644 visu
339 1607 464 1643 facilis
484 1619 558 1643 nec
578 1605 688 1642 dictu
710 1605 892 1641 adfabilis
912 1605 994 1641 ulli.

138 1662 351 1697 visceribus
372 1663 603 1697 miserorum
625 1665 666 1696 et
687 1662 880 1708 sanguine
902 1661 1072 1695 vescitur
1091 1663 1186 1693 atro.

137 1715 217 1750 vidi
238 1719 412 1763 egomet,
433 1713 512 1750 duo
531 1713 582 1749 de
601 1726 768 1749 numero
788 1726 876 1748 cum
896 1725 1060 1761 corpora
1077 1717 1212 1747 nostro

139 1781 281 1817 prensa
304 1781 420 1803 manu
442 1781 586 1816 magna
605 1766 739 1803 medio
759 1768 967 1814 resupinus
987 1768 1026 1801 in
1048 1770 1161 1801 antro

139 1822 346 1870 frangeret
366 1821 415 1857 ad
437 1834 587 1866 saxum,
607 1823 797 1869 sanieque
818 1832 977 1868 aspersa
996 1823 1183 1855 natarent
1239 1816 1314 1854 625

309 1894 353 1913 ⁸⁰⁰
374 1895 539 1934 sperabile
555 1892 619 1925 Ml.
665 1904 790 1924 numen
806 1891 859 1924 31¹
878 1904 884 1923 τ
908 1903 1031 1924 nomen
1049 1890 1106 1922 Pl.

309 1936 353 1955 ⁰⁰¹
377 1937 537 1969 adducite
556 1935 621 1969 M1.
881 1934 926 1954 ⁶²¹
954 1936 1095 1966 effabilis
1112 1935 1151 1967 P.

309 1978 354 1998 ⁶²5
377 1981 536 2020 adspersa
553 1980 613 2010 M:
637 1990 768 2018 aspersa
787 1980 836 2010 P:
860 1988 999 2018 expersa
1015 1978 1158 2010 Servius.

141 2028 214 2062 388
