1430 2335
672 110 862 148 VIRGIL

183 201 279 237 rupe
300 188 371 224 sub
391 191 495 224 ae'ria
514 187 663 223 deserti
680 187 729 223 ad
751 186 969 236 Strymonis
989 186 1135 223 undam

183 249 348 294 flevisse,
370 254 412 285 et
433 248 577 297 gelidis
598 247 696 284 haec
717 248 906 284 evolvisse
927 249 1000 284 sub
1019 251 1155 293 antris,

182 310 425 346 mulcentem
446 313 559 359 tigris
579 315 621 345 et
640 314 829 358 agentem
850 312 1023 346 carmine
1044 322 1231 359 quercus3
1282 313 1356 345 510

183 372 308 420 qualis
327 371 497 421 populea
515 383 695 408 maerens
715 370 928 419 philomela
947 371 1018 407 sub
1039 371 1175 406 umbra

181 436 341 469 amissos
360 435 539 482 queritur
556 431 677 476 fetus,
696 444 792 481 quos
812 431 931 468 durus
950 437 1079 468 arator

182 495 392 531 observans
411 494 505 530 nido
524 493 724 542 implumis
743 492 918 529 detraxit
934 505 943 536 3
971 498 1012 529 at
1031 493 1097 528 illa

181 556 250 592 flet
270 562 442 601 noctem,
462 568 648 604 ramoque
670 554 812 591 sedens
831 555 1054 591 miserabile
1074 568 1231 591 carmen

181 620 374 667 integrat,
393 622 433 654 et
455 619 615 653 maestis
634 616 715 652 late
736 616 821 652 loca
840 617 1045 665 questibus
1064 616 1214 665 implet.
1283 619 1358 652 515

182 679 289 715 nulla
310 679 456 724 Venus,
476 691 555 714 non
576 677 645 714 ulli
665 680 840 713 animum
860 676 1004 714 flexere
1026 677 1245 727 hymenaei.

181 741 285 777 solus
309 741 587 790 Hyperboreas
607 739 753 788 glacies
773 738 1017 788 Tanaimque
1037 739 1209 774 nivalem

180 815 348 852 arvaque
373 802 558 850 Rhipaeis
578 813 794 849 numquam
814 800 974 836 viduata
993 802 1143 849 pruinis

181 864 387 908 lustrabat,
407 868 561 912 raptam
582 861 808 910 Eurydicen
828 867 948 910 atque
968 864 1086 897 inrita
1110 861 1212 897 Ditis

181 925 284 961 dona
303 937 472 974 querens
490 937 499 968 3
527 928 682 973 spretae
704 923 894 959 Ciconum
915 936 993 972 quo
1011 936 1175 959 munere
1196 927 1342 958 matres

180 990 284 1023 inter
303 999 410 1022 sacra
430 986 550 1022 deum
569 987 833 1034 nocturnique
855 987 963 1033 orgia
983 983 1130 1020 Bacchi
1283 988 1353 1020 521

180 1049 423 1097 discerptum
443 1048 542 1084 latos
563 1051 747 1083 iuvenem
768 1059 946 1095 sparsere
966 1059 1039 1095 per
1057 1059 1181 1095 agros.
1254 1059 1359 1083 FMRV

180 1118 265 1149 tum
286 1124 443 1162 quoque
462 1123 682 1147 marmorea
702 1115 822 1159 caput
840 1123 862 1145 a
882 1111 1035 1146 cervice
1053 1109 1251 1146 revulsum

179 1177 339 1223 gurgite
359 1187 449 1210 eum
470 1173 601 1209 medio
621 1177 783 1221 portans
804 1171 998 1219 Oeagrius
1021 1172 1181 1208 Hebrus

179 1236 369 1281 volveret,
390 1235 616 1284 Eurydicen
637 1247 711 1270 vox
732 1237 815 1282 ipsa
835 1238 877 1269 et
896 1233 1041 1281 frigida
1060 1233 1208 1282 lingua,
1283 1238 1356 1270 5⁶25

179 1312 200 1334 a
219 1300 401 1333 miseram
423 1296 671 1344 Eurydicen!
700 1297 832 1330 anima
851 1294 1034 1342 fugiente
1058 1296 1235 1340 vocabat,

180 1358 406 1407 Eurydicen
426 1362 513 1393 toto
533 1356 763 1393 referebant
782 1355 944 1391 flumine
963 1355 1110 1404 ripae.''

179 1420 276 1455 haec
299 1420 477 1463 Proteus,
497 1423 538 1455 et
559 1430 599 1454 se
619 1420 724 1453 iactu
745 1416 859 1453 dedit
877 1429 1024 1467 aequor
1044 1420 1083 1453 in
1104 1416 1242 1462 altum,

178 1494 334 1530 quaque
356 1480 483 1525 dedit,
504 1484 755 1528 spumantem
776 1478 924 1514 undam
945 1478 1017 1514 sub
1037 1480 1183 1514 vertice
1203 1481 1328 1515 torsit.

231 1544 286 1578 At
306 1555 386 1578 non
407 1541 562 1590 Cyrene
578 1553 587 1584 3
618 1552 789 1589 namque
810 1539 914 1575 ultro
933 1539 1067 1575 adfata
1086 1542 1298 1576 timentem
1316 1554 1324 1577 :

178 1608 201 1624 ‘⁶
218 1608 324 1648 nate,
344 1603 440 1639 licet
459 1604 583 1638 tristis
604 1604 736 1637 animo
757 1601 961 1649 deponere
982 1613 1104 1637 curas.
1279 1605 1349 1636 531

178 1665 275 1701 haec
296 1667 422 1700 omnis
442 1663 568 1699 morbi
589 1676 714 1708 causa,
738 1661 829 1697 hinc
851 1661 1073 1698 miserabile
1094 1661 1317 1711 Nymphae,

177 1739 265 1761 cuni
286 1727 427 1774 quibus
448 1724 515 1760 illa
533 1724 673 1759 choros
694 1724 791 1759 lucis
810 1723 991 1771 agitabat
1010 1725 1049 1758 in
1069 1723 1171 1768 altis,

176 1790 340 1823 exitium
361 1789 503 1822 misere
523 1785 674 1834 apibus.
730 1790 772 1821 tu
795 1797 960 1820 munera
980 1784 1145 1832 supplex
1207 1783 1354 1836 [FGMRV

175 1848 298 1885 tende
318 1853 462 1896 petens
482 1860 634 1896 pacem,
652 1851 693 1882 et
707 1845 829 1882 facilis
844 1858 1030 1882 venerare
1051 1846 1227 1894 Napaeas
1245 1858 1252 1889 ;
1278 1851 1351 1883 535

390 1942 432 1961 ⁵⁰⁹
451 1943 545 1973 flesse
564 1943 625 1972 sibi
641 1946 671 1973 et
690 1943 727 1973 R.
781 1942 881 1972 astris
896 1942 926 1972 R
938 1954 947 1972 :
969 1943 1075 1972 antris
1092 1942 1139 1972 M.

392 1986 434 2003 ⁵2⁴
453 1986 585 2016 medius
602 1985 640 2017 F.
850 1983 892 2002 ⁶³¹
909 1993 1112 2022 componere
1130 1983 1190 2015 A11¹.

173 2045 248 2077 ⁶232
