1430 2335
766 94 958 132 VIRGIL

749 182 854 207 MENA
861 183 924 207 LCA
931 185 946 207 S

263 237 408 273 Infelix
427 250 449 273 o
470 250 638 286 semper,
657 241 752 284 ovis,
772 253 893 289 pecus
912 243 918 278 Σ
947 245 1031 291 ipse.
1054 243 1246 280 Neaeram

260 298 356 334 dum
375 297 483 335 fovet
503 312 560 344 ac,
581 311 631 336 ne
653 312 716 336 me
738 301 811 338 sibi
827 302 1026 351 praeferat
1052 304 1133 349 illa,
1154 310 1324 350 veretur,

259 359 323 396 hie
342 359 494 396 alienus
515 363 597 397 ovis
617 367 748 398 custos
768 363 827 399 bis
846 364 1003 413 mulget
1021 367 1063 401 in
1083 365 1192 412 hora,

259 427 300 458 et
320 435 433 459 sucus
453 424 586 472 pecori
607 428 649 459 et
668 423 728 460 lac
749 424 984 462 subducitur
997 429 1119 476 agnis.

749 576 951 601 DAMOETAS

259 631 415 669 Parcius
435 634 510 669 ista
530 635 620 669 viris
640 637 775 670 tamen
797 634 1008 671 obicienda
1026 641 1243 672 memento.

254 696 435 731 novimus
455 699 496 731 et
516 697 583 744 qui
602 699 656 740 te,
672 700 892 732 transversa
912 698 1119 734 tuentibus
1139 697 1267 743 hircis,

255 761 295 792 et
316 768 393 805 quo
412 755 500 806 (sed
520 755 655 794 faciles
677 757 888 806 Nymphae
908 758 1047 809 risere)
1067 758 1222 797 sacello.

746 909 773 934 M
780 910 943 934 ENAICAS

253 965 366 1011 Tum,
386 966 517 1012 credo,
538 980 626 1003 eum
645 980 709 1004 me
728 968 932 1005 arbustum
952 967 1086 1005 videre
1108 969 1274 1005 Miconis

251 1033 371 1077 atque
392 1028 493 1064 mala
513 1030 603 1066 vitis
621 1029 797 1066 incidere
817 1029 918 1067 falce
938 1029 1125 1067 novellas.

743 1162 945 1186 DAMOETAS

253 1218 336 1254 Aut
357 1217 420 1254 hic
441 1217 489 1254 ad
512 1223 666 1256 veteres
686 1219 797 1269 fagos
817 1233 907 1257 cum
928 1220 1154 1270 Daphnidis
1174 1235 1308 1258 arcum

251 1279 405 1328 fregisti
426 1284 469 1316 et
489 1280 658 1316 calamos
676 1294 684 1317 z
714 1294 815 1331 quae
837 1287 894 1326 tu,
914 1295 1099 1331 perverse
1117 1283 1311 1329 Menalca,

251 1346 294 1377 et
312 1355 401 1377 cuin
421 1341 553 1377 vidisti
575 1355 697 1390 puero
717 1343 876 1389 donata,
897 1343 1072 1389 dolebas,

252 1407 292 1439 et
312 1405 343 1439 si
364 1415 443 1438 non
462 1402 592 1453 aliqua
612 1406 822 1450 nocuisses,
843 1410 1019 1442 mortuus
1039 1418 1155 1443 esses.

740 1545 768 1569 M
774 1546 847 1570 ENA
853 1546 938 1570 LCAS

251 1600 357 1646 Quid
377 1601 526 1638 domini
548 1601 708 1647 faciant,
728 1603 879 1640 audent
898 1617 987 1640 cum
1006 1603 1101 1640 talia
1121 1603 1257 1641 fures?

249 1678 328 1701 non
349 1678 423 1714 ego
443 1671 483 1702 te
505 1666 584 1702 vidi
605 1666 808 1712 Damonis,
828 1670 1011 1716 pessime,
1031 1680 1191 1717 caprum

251 1729 432 1775 excipere
452 1727 615 1773 insidiis,
636 1727 806 1765 multum
825 1728 998 1765 latrante
1015 1728 1178 1778 Lycisca
1196 1730 1210 1765 ?

250 1796 292 1826 et
312 1803 400 1826 cum
420 1791 630 1828 clamarem
650 1796 675 1812 “
690 1805 768 1841 quo
787 1805 893 1829 nunc
912 1806 953 1829 se
974 1795 1139 1842 proripit
1159 1793 1256 1830 ille?

249 1854 399 1904 Tityre,
419 1868 516 1904 coge.
537 1856 694 1905 pecus,''
718 1861 760 1894 tu
780 1862 870 1907 post
888 1861 1043 1894 carecta
1061 1856 1223 1894 latebas.

255 2010 299 2049 16

1386 973 1430 1004 10

1383 1410 1426 1442 15

1375 1841 1424 1894 '20
