1430 2335
654 85 848 122 VIRGIL

214 161 320 210 Ergo
340 160 406 197 ubi
425 162 610 209 concepit
629 160 749 197 furias
769 164 897 197 evicta
916 160 1052 198 dolore

160 214 419 263 decrevitque
438 216 551 259 mori,
566 219 725 263 tempus
744 226 878 251 secum
898 215 982 263 ipsa
999 214 1241 266 modumque
1264 219 1340 255 475

161 271 301 317 exigit,
322 273 364 304 et
384 273 574 303 maestam
593 267 712 304 dictis
730 268 916 316 adgressa
935 280 1108 304 sororem

160 321 367 358 consilium
387 321 493 357 voltu
516 323 620 369 tegit
638 333 683 356 ac
703 333 814 369 spem
834 320 967 358 fronte
986 327 1145 359 serenat
1163 335 1171 358 ε

159 378 185 395 “
199 377 347 419 inveni,
366 386 567 423 germana,
587 377 690 410 viam
709 374 884 423 (gratare
905 374 1057 425 sorori),

159 440 261 477 quae
280 427 378 463 mihi
400 426 541 464 reddat
561 440 653 463 eum
673 428 736 463 vel
757 440 805 464 eo
823 440 888 464 me
907 428 1032 464 solvat
1052 433 1267 466 amantem.

160 482 313 518 Oceani
332 481 450 517 finem
471 483 581 516 iuxta
601 480 804 530 solemque
823 481 1036 518 cadentem
1262 487 1339 519 480

159 534 323 571 ultimus
342 533 588 582 Aethiopum
608 534 716 570 locus
736 540 811 579 est,
830 535 898 570 ubi
917 537 1109 571 maximus
1130 535 1243 572 Atlas

157 600 274 625 axem
294 601 432 624 umero
451 592 612 636 torquet
631 587 757 624 stellis
776 588 1009 624 ardentibus
1027 593 1165 637 aptum
1184 603 1192 625 :

158 641 251 678 hinc
270 641 367 677 mihi
392 641 586 690 Massylae
606 644 739 689 gentis
758 646 976 678 monstrata
996 642 1190 686 sacerdos,

161 694 434 744 Hesperidum
454 694 596 743 templi
619 700 765 739 custos,
785 695 1000 744 epulasque
1019 694 1181 731 draconi

159 761 259 798 quae
279 748 400 784 dabat
419 752 462 784 et
480 760 607 784 sacros
627 749 809 784 servabat
827 750 868 784 in
887 748 1025 784 arbore
1046 761 1184 794 ramos,
1260 755 1334 787 485

157 814 349 851 spargens
369 801 503 837 umida
521 801 641 837 mella
660 800 1002 851 soporiferumque
1022 814 1205 850 papaver.

157 855 257 892 haec
275 868 317 892 se
336 855 575 891 carminibus
594 857 794 903 promittit
812 855 964 891 solvere
982 860 1140 892 mentes

158 922 254 958 quas
273 908 384 953 velit,
403 913 464 943 ast
483 908 568 943 aliis
588 907 706 944 duras
726 910 943 944 immittere
963 920 1098 951 curas;

157 964 297 999 sistere
316 974 458 1010 aquam
477 961 603 997 fluviis
625 966 667 997 et
686 966 843 998 vertere
866 961 996 998 sidera
1015 967 1122 998 retro
1139 974 1148 1005 3

155 1020 450 1064 nocturnosque
470 1019 604 1050 movet
625 1015 755 1050 Manis
772 1027 781 1058 ;
809 1017 963 1063 mugire
983 1014 1135 1052 videbis
1259 1019 1336 1057 490

156 1069 229 1105 sub
249 1068 417 1118 pedibus
435 1073 581 1104 terram
601 1072 644 1104 et
662 1067 907 1105 descendere
925 1069 1127 1105 montibus
1146 1082 1271 1106 ornos.

155 1127 296 1168 testor,
316 1135 416 1166 cara,
436 1121 532 1158 deos
552 1126 593 1157 et
613 1126 668 1166 te,
687 1134 890 1170 germana,
908 1126 1101 1171 tuumque

155 1176 273 1212 dulce
293 1180 425 1224 caput,
443 1177 615 1223 magicas
633 1177 798 1211 invitam
817 1177 1018 1223 accingier
1035 1178 1141 1213 artis.

156 1234 200 1265 tu
220 1234 374 1265 secreta
393 1241 529 1278 pyram
549 1233 657 1264 tecto
676 1230 864 1265 interiore
885 1229 957 1264 sub
975 1241 1088 1265 auras

156 1285 265 1331 erige
286 1287 328 1319 et
347 1295 454 1318 arma
474 1283 557 1326 viri,
578 1281 755 1317 thalamo
775 1294 875 1331 quae
895 1281 970 1317 fixa
989 1282 1153 1331 reliquit
1259 1286 1334 1324 495

155 1339 312 1384 impius,
331 1338 569 1384 exuviasque
589 1337 716 1371 omnis
734 1334 963 1384 lectumque
983 1335 1168 1383 iugalem,

154 1402 232 1438 quo
253 1392 364 1438 perii,
379 1391 677 1437 superimponas
694 1401 703 1430 ;
730 1388 891 1425 abolere
911 1388 1075 1425 nefandi

154 1448 299 1479 cuncta
318 1445 389 1478 viri
409 1447 669 1477 monumenta
687 1444 807 1487 iuvat,
822 1447 1098 1491 monstratque
1117 1441 1335 1479 sacerdos.''

154 1496 252 1533 haec
272 1496 390 1532 effata
409 1495 522 1539 silet3
551 1494 675 1543 pallor
695 1496 809 1531 simul
831 1501 1000 1544 occupat
1020 1508 1097 1532 ora.

154 1563 235 1585 non
254 1555 389 1586 tamen
403 1549 520 1584 Anna
540 1551 652 1585 novis
672 1554 907 1597 praetexere
926 1548 1068 1585 funera
1087 1551 1204 1585 sacris
1261 1553 1337 1585 500

153 1615 383 1651 germanam
404 1601 547 1647 credit,
566 1614 642 1639 nec
661 1607 795 1639 tantos
815 1607 951 1639 mente
973 1602 1124 1639 furores

153 1659 327 1705 concipit
344 1661 413 1692 aut
432 1658 611 1705 graviora
629 1658 747 1692 timet
766 1668 883 1705 quam
903 1660 1031 1693 morte
1051 1655 1232 1705 Sychaei.

152 1723 249 1758 ergo
267 1713 370 1746 iussa
388 1714 511 1758 parat.

196 1772 241 1791 ⁴⁷⁶
265 1774 312 1811 et]
325 1782 362 1804 ac
379 1773 426 1804 M.
872 1768 917 1790 ⁴8²
941 1774 1115 1809 attorquet
1128 1771 1193 1804 Ml.

196 1814 242 1834 ⁴¹⁸⁶
259 1815 377 1855 placed
392 1816 431 1856 by
440 1815 577 1846 Ribbeck·
592 1814 681 1855 after
693 1815 753 1847 517
768 1814 863 1854 (with
879 1815 1186 1855 molam),perhaps
1203 1816 1336 1857 riyhtly.

196 1858 241 1877 ⁴¹⁹⁰
264 1859 395 1897 movet]
411 1858 476 1889 ciet
494 1855 596 1889 F2P2.

196 1900 240 1920 ⁴¹⁹⁷
264 1902 545 1941 superimponant
562 1898 654 1939 mil,
671 1898 787 1931 known
803 1904 833 1930 eo
852 1900 991 1931 Senius.

196 1943 240 1962 ⁴⁹⁸
262 1944 359 1974 iuvat
375 1941 467 1974 FM2.
486 1943 617 1974 Sem-ius
630 1956 640 1975 .·
663 1944 759 1974 iubet
777 1941 899 1974 M³P¹=
925 1944 994 1975 ivat
1013 1942 1055 1974 F¹
1071 1952 1078 1974 τ
1101 1944 1197 1975 iubat
1215 1942 1273 1975 P2.

195 1986 239 2005 ⁵⁰⁰
262 1989 439 2027 protexere
453 1987 489 2016 ,ll
495 1985 517 2017 ¹.

154 2045 229 2079 428
