1430 2335
655 70 846 106 VIRGIL

167 147 283 183 sudor
304 152 344 182 et
363 146 430 182 ille
451 145 611 195 quidem
631 148 829 182 morituris
849 145 1038 195 frigidus3
1068 151 1154 182 aret

166 200 280 248 pellis
301 205 342 235 et
361 199 411 236 ad
431 203 581 235 tactum
601 202 790 235 tractanti
810 199 907 235 dura
926 202 1086 236 resistit.

167 254 263 288 haec
283 257 375 289 ante
397 255 562 288 exitium
582 254 717 301 primis
738 252 836 288 dant
855 255 967 302 signa
987 252 1150 295 diebus;

166 308 223 340 sin
245 308 284 341 in
304 318 489 354 processu
509 307 639 354 coepit
659 305 889 342 crudescere
908 305 1080 349 morbus,

166 363 250 394 tum
270 372 361 394 vero
381 358 566 395 ardentes
586 358 689 394 oculi
708 363 826 408 atque
845 362 1038 395 attractus
1058 359 1107 394 ab
1127 358 1207 394 alto
1262 361 1335 394 505

165 414 336 458 spiritus,
358 411 558 448 interdum
579 414 732 461 gemitu
751 414 891 461 gravis,
909 414 1065 462 imaque
1086 411 1204 460 longo

166 465 230 500 ilia
251 466 426 514 singultu
446 465 632 510 tendunt,
653 467 685 501 it
705 465 862 502 naribus
881 470 968 502 ater

166 521 336 567 sanguis,
357 523 397 554 et
416 518 592 554 obsessas
613 518 743 554 fauces
763 520 909 567 premit
927 531 1063 567 aspera
1083 518 1229 567 lingua.

166 570 313 619 profuit
334 574 481 607 inserto
502 571 639 608 latices
658 570 869 608 infundere
889 584 1009 607 cornu

167 624 366 669 Lenaeos3
397 637 441 661 ea
461 627 542 661 visa
561 624 664 661 salus
683 625 942 661 morientibus
962 637 1061 661 una:
1262 627 1337 659 510

167 690 256 713 mox
277 683 362 714 erat
381 677 454 713 hoc
474 680 602 727 ipsum
623 679 756 721 exitio,
776 678 965 727 furiisque
984 678 1125 715 refecti

166 730 371 776 ardebant,
391 733 545 780 ipsique
565 743 654 767 suos
673 733 750 766 iam
770 736 896 767 morte
917 733 989 768 sub
1009 744 1125 780 aegra

166 783 225 833 (di
245 785 405 820 meliora
426 787 499 833 piis
519 797 769 833 erroremque
790 783 966 821 hostibus
986 784 1097 820 illum
1114 783 1139 834 l)

167 837 344 874 discissos
365 838 480 873 nudis
500 837 701 873 laniabant
721 837 907 873 dentibus
926 843 1042 874 artus.

220 891 322 927 Ecce
342 896 476 927 autem
497 891 595 926 duro
615 890 770 926 fumans
791 890 861 926 sub
882 903 1038 927 vomere
1060 896 1192 927 taurus
1261 894 1334 926 515

167 943 339 980 concidit
359 949 399 980 et
419 946 586 979 mixtum
607 946 754 992 spumis
774 945 898 979 vomit
916 956 982 980 ore
1003 956 1178 980 cruorem

167 1001 442 1047 extremosque
464 999 543 1033 ciet
563 999 747 1047 gemitus.
790 998 822 1032 it
841 999 964 1033 tristis
984 1002 1125 1041 arator,

167 1055 413 1086 maerentem
433 1051 652 1100 abiungens
672 1050 846 1085 fraterna
865 1055 994 1086 morte
1014 1053 1077 1086 iux
1082 1064 1237 1094 encum,

167 1108 286 1152 atque
306 1116 425 1153 opeie
445 1106 485 1139 in
505 1104 638 1139 medio
657 1102 784 1139 defixa
803 1102 992 1152 relinquit
1010 1109 1147 1140 aratra.

168 1169 245 1192 non
258 1158 420 1194 umbrae
434 1156 601 1192 altorum
615 1169 833 1198 nemorum,
847 1169 925 1191 non
939 1156 1070 1192 mollia
1084 1162 1247 1206 possunt
1264 1161 1338 1193 5⁶20

169 1215 279 1258 prata
299 1223 457 1246 movere
477 1212 665 1253 animum,
686 1222 765 1244 non
786 1211 851 1258 qui
872 1222 943 1258 per
962 1222 1052 1245 saxa
1074 1210 1228 1247 volutus

170 1265 300 1311 purior
321 1263 469 1299 electro
490 1276 672 1311 campum
692 1264 794 1311 petit
814 1265 962 1306 amnis;
992 1267 1032 1298 at
1053 1265 1128 1299 ima

169 1316 374 1352 solvuntur
394 1317 532 1361 latera,
551 1321 670 1365 atque
692 1316 823 1351 oculos
844 1321 980 1365 stupor
999 1321 1116 1365 urget
1137 1319 1273 1353 inertis

168 1368 217 1404 ad
239 1373 463 1419 terramque
484 1369 569 1405 fluit
589 1369 741 1405 devexo
763 1368 939 1418 pondere
960 1371 1100 1405 cervix.

169 1422 262 1471 quid
282 1422 392 1459 labor
411 1428 479 1458 aut
498 1422 709 1458 benefacta
729 1423 891 1458 iuvant?
934 1421 1028 1471 quid
1042 1435 1198 1459 vomere
1216 1428 1340 1459 terras

168 1478 375 1512 invertisse
396 1476 551 1525 gravis?
591 1478 700 1524 atqui
721 1488 801 1511 non
822 1475 988 1512 Massica
1011 1475 1152 1511 Bacchi
1263 1474 1339 1512 5⁶26

167 1542 344 1574 munera,
364 1542 442 1564 non
463 1529 540 1565 illis
561 1529 699 1577 epulae
720 1541 890 1565 nocuere
912 1533 1114 1577 repostae:

170 1581 375 1618 frondibus
396 1587 437 1617 et
457 1584 562 1618 victu
584 1586 798 1631 pascuntur
817 1582 1003 1630 simplicis
1024 1581 1182 1626 herbae,

169 1635 309 1683 pocula
329 1640 422 1672 sunt
442 1635 573 1671 fontes
593 1634 731 1684 liquidi
752 1640 870 1683 atque
892 1637 1063 1671 exercita
1083 1648 1195 1672 cursu

168 1687 340 1731 flumina,
362 1701 436 1725 nec
456 1700 611 1724 somnos
630 1689 831 1736 abrumpit
852 1701 941 1724 cura
961 1687 1135 1724 salubris.
1267 1692 1341 1725 530

222 1740 418 1790 Tempore
440 1755 518 1777 non
538 1741 615 1777 alio
636 1741 775 1777 dicunt
795 1741 1022 1789 regionibus
1042 1740 1118 1777 illis

168 1796 363 1843 quaesitas
382 1794 431 1830 ad
453 1808 560 1831 sacra
580 1794 698 1831 boves
720 1793 882 1829 Iunonis
903 1799 944 1830 et
962 1797 1042 1830 uris

209 1881 252 1900 ⁵⁰1
276 1882 431 1913 morituri
448 1881 512 1913 Ml.
635 1880 678 1900 ⁵⁰⁶
701 1881 835 1919 altaque
853 1880 918 1911 31¹.
1034 1880 1078 1900 ⁵⁰⁹
1102 1882 1246 1913 insertos
1261 1880 1297 1913 P.

210 1924 251 1942 ⁵¹¹
277 1925 383 1956 exitio
400 1926 463 1956 hoc
480 1926 588 1964 ipsum
607 1925 644 1955 P.
831 1923 874 1943 ⁵¹³
898 1924 1118 1961 ardoremque
1134 1925 1173 1955 R.

209 1967 253 1986 ⁵¹⁹
278 1968 415 2005 reliquit
431 1966 468 2005 P,
486 1968 643 2004 Donatus,
663 1967 803 1999 Servius.
1036 1966 1079 1985 ⁵³²
1103 1968 1167 1999 aris
1183 1968 1224 2000 P.

175 2027 243 2064 190
