1430 2335
642 76 836 114 VIRGIL

203 152 248 189 In
270 152 402 189 medio
421 165 547 188 ramos
567 164 794 201 annosaque
815 151 996 189 bracchia
1015 152 1155 201 pandit

148 205 278 242 ulmus
297 219 430 254 opaca,
450 208 605 255 ingens,
626 218 743 254 qnam
763 205 899 242 sedem
920 205 1080 243 Somnia
1100 207 1215 256 volgo

148 271 247 295 vana
267 265 407 296 tenere
428 258 574 302 ferunt,
596 258 779 308 foliisque
799 260 872 296 sub
891 260 1074 297 omnibus
1094 260 1273 297 haerent.

148 313 354 362 multaque
375 318 582 362 praeterea
601 315 795 348 variarum
814 318 992 350 monstra
1010 312 1195 358 ferarum,
1252 317 1327 350 285

148 366 337 403 Centauri
355 369 397 403 in
417 366 564 403 foribus
583 366 787 403 stabulant
806 366 1039 416 Scyllaeque
1063 366 1250 403 biformes

147 425 189 456 et
209 423 558 469 centumgeminus
578 419 762 456 Briareus
782 433 827 456 ac
848 419 965 456 belua
985 419 1153 466 Lernae,

147 473 390 510 horrendum
409 473 595 519 stridens,
614 472 858 523 flammisque
877 478 1028 510 armata
1047 473 1268 520 Chimaera,

148 527 357 576 Gorgones
378 527 662 576 Harpyiaeque
683 532 725 563 et
744 526 869 563 forma
888 529 1114 576 tricorporis
1134 529 1308 564 umbrae.

146 583 308 630 corripit
326 580 390 617 hic
409 582 540 617 subita
558 580 739 630 trepidus
758 579 971 617 formidine
991 580 1139 618 ferrum
1252 584 1328 623 ‘290

146 635 318 679 Aeneas,
338 636 596 684 strictamque
615 637 741 670 aciem
761 635 1015 670 venientibus
1033 635 1170 679 offert;

147 693 202 732 et,
221 691 262 724 ni
281 688 398 725 docta
418 701 550 725 comes
568 690 700 725 tenuis
721 690 804 724 sine
824 701 987 737 corpore
1007 691 1107 725 vitas

145 741 360 778 admoneat
379 741 544 778 volitare
566 755 661 778 cava
680 742 752 778 sub
771 744 944 790 imagine
963 741 1127 788 formae,

146 798 279 832 inruat
299 801 341 832 et
360 795 504 832 frustra
524 795 628 832 ferro
647 795 876 832 diverberet
894 796 1063 832 umbras.

201 850 309 885 Hinc
329 852 402 894 via,
420 849 599 886 Tartarei
617 862 717 898 quae
736 848 816 886 fert
839 848 1075 886 Acherontis
1095 849 1144 886 ad
1165 849 1301 886 undas.

146 903 328 940 turbidus
348 902 411 939 hic
432 916 554 939 caeno
574 908 762 952 vastaque
782 905 968 952 voragine
987 916 1134 952 gurges
1253 901 1329 945 996

145 962 313 1002 aestuat,
335 961 454 1006 atque
474 969 634 993 omnem
655 956 802 1005 Cocyto
822 961 977 992 eructat
995 956 1194 993 harenam.

148 1013 317 1059 portitor
336 1010 405 1046 has
425 1010 643 1047 horrendus
662 1023 782 1059 aquas
802 1015 844 1046 et
863 1009 1022 1046 flumina
1041 1015 1171 1047 servat

146 1064 313 1100 terribili
334 1063 513 1114 squalore
534 1063 702 1108 Charon,
722 1066 784 1100 cui
805 1063 972 1113 plurima
990 1069 1128 1100 mento

146 1120 314 1154 canities
333 1118 484 1154 inculta
502 1120 618 1162 iacet,
638 1123 747 1154 stant
765 1117 915 1154 lumina
934 1116 1102 1164 flamma,
1254 1122 1329 1154 300

146 1171 327 1208 sordidus
347 1185 395 1208 ex
416 1174 560 1208 umeris
578 1171 683 1208 nodo
701 1170 907 1220 dependet
924 1173 1102 1209 amictus.

148 1227 232 1273 ipse
253 1230 380 1262 ratem
399 1230 518 1261 conto
538 1226 687 1273 subigit
707 1225 883 1274 velisque
903 1227 1101 1262 ministrat

146 1283 190 1315 et
204 1278 431 1327 ferruginea
448 1279 658 1315 subvectat
676 1291 837 1327 corpora
855 1278 1011 1323 cumba,

145 1334 224 1368 iam
243 1334 387 1378 senior,
405 1332 476 1369 sed
495 1331 615 1368 cruda
634 1332 711 1369 deo
731 1331 943 1381 viridisque
962 1336 1160 1369 senectus.

147 1385 224 1422 huc
243 1387 371 1423 omnis
388 1386 506 1422 turba
523 1385 574 1422 ad
593 1388 695 1434 ripas
715 1385 836 1422 effusa
854 1386 1006 1431 ruebat,
1253 1388 1327 1423 305

147 1444 295 1475 matres
314 1445 434 1489 atque
456 1441 538 1484 viri,
559 1439 829 1488 defunctaque
850 1451 1013 1487 corpora
1032 1441 1113 1474 vita

147 1495 443 1541 magnanimum
463 1492 640 1536 heroum,
660 1495 774 1542 pueri
791 1495 1063 1541 innuptaeque
1082 1492 1237 1541 puellae

146 1549 398 1595 impositique
418 1549 522 1595 rogis
540 1549 702 1583 iuvenes
722 1550 816 1583 ante
835 1558 903 1582 ora
921 1551 1155 1594 parentum:

147 1613 263 1649 quam
279 1599 405 1636 multa
423 1602 464 1636 in
484 1600 590 1637 silvis
607 1602 788 1636 autumni
804 1599 949 1648 frigore
969 1602 1095 1649 primo

191 1695 237 1714 ³⁰⁰
277 1697 433 1728 flammae
473 1694 614 1729 M1PR:
656 1696 795 1728 flamma
827 1693 913 1725 M²P
953 1696 1071 1738 (before
1115 1697 1314 1736 correction).

147 1740 281 1771 Servius
300 1751 341 1770 on
358 1747 383 1771 Ι.
408 1741 479 1771 646.

192 1836 202 1854 ¹
230 1836 275 1866 zie.
295 1836 443 1874 Geryon,
461 1845 478 1865 a
496 1837 593 1874 giaut
610 1836 693 1865 with
712 1836 807 1866 three
825 1836 954 1871 bodies,
971 1835 1058 1866 slain
1081 1835 1126 1875 by
1149 1835 1323 1866 Hercule-‘L

191 1877 203 1896 2
230 1879 298 1908 The
311 1878 455 1918 portitor
473 1880 573 1915 (from
587 1880 718 1918 portus)
736 1879 764 1908 is
781 1878 935 1917 properly
952 1878 1010 1908 the
1027 1878 1324 1914 harbour-master,

148 1922 225 1952 who
242 1922 392 1952 watches
408 1932 489 1952 over
502 1922 561 1952 the
573 1924 652 1962 port
671 1921 887 1960 (cf.flumina
898 1922 1015 1959 servat)
1031 1920 1100 1953 and
1115 1921 1254 1952 collects
1270 1921 1326 1952 the

144 1966 305 2005 portoria,
325 1974 362 1996 or
386 1964 571 2004 porttoIls.
623 1965 690 1995 But
720 1964 791 1995 this
822 1963 949 1996 official
977 1966 1069 1996 must
1097 1963 1326 2004 occasionally

149 2016 224 2055 526
