1430 2335
650 87 842 124 VIRGlL

159 170 199 203 in
219 166 337 203 furias
357 169 572 215 ignemque
592 169 715 201 ruunt
732 178 739 201 :
769 177 877 201 amor
895 165 1077 202 omnibus
1096 164 1215 203 idem.

159 237 339 280 tempore
359 242 438 265 non
458 229 533 265 alio
554 229 773 265 catulorum
793 229 916 265 oblita
934 229 1073 266 leaena
1260 229 1334 267 245

160 298 309 332 saevior
329 296 473 330 erravit
493 296 654 342 campis,
674 306 748 330 nec
769 292 908 330 funera
925 293 1041 342 volgo

160 365 241 396 tam
261 357 386 394 multa
405 357 593 394 informes
614 359 693 393 ursi
713 361 965 407 stragemque
985 358 1133 396 dedere

160 436 231 473 per
250 422 389 466 silvas;
417 427 502 458 tum
524 434 660 458 saevus
681 435 788 470 aper,
809 427 895 458 tum
916 426 1083 471 pessima
1104 425 1241 472 tigri33

162 488 240 524 lieu
259 486 362 523 male
382 491 467 523 tum
490 486 637 536 Libyae
657 485 749 522 solis
770 491 922 522 erratur
941 490 981 522 in
1001 490 1113 536 agris,

161 564 294 588 nonne
313 550 432 596 vides,
449 555 493 587 ut
514 555 599 586 tota
619 555 767 586 tremor
788 555 1034 599 pertemptet
1053 564 1244 601 equorum
1264 553 1338 590 250

162 628 335 665 corpora,
355 617 387 651 si
407 619 563 651 tantum
585 619 698 651 notas
718 614 814 650 odor
832 614 970 651 attulit
988 617 1126 652 auras?

161 694 206 716 ac
225 692 356 729 neque
377 691 443 715 eos
464 682 540 714 iam
562 678 674 715 frena
694 681 819 715 virum
840 692 970 728 neque
991 681 1154 717 verbera
1173 693 1298 726 saeva,

162 758 241 781 non
262 743 411 793 scopuli
432 756 630 792 rupesque
650 756 768 780 cavae
787 748 909 792 atque
929 744 1085 781 obiecta
1106 745 1312 782 retardant

162 809 322 845 flumina
341 812 621 857 correptosque
643 807 748 843 unda
768 810 997 856 torquentia
1017 812 1174 847 montis.

163 876 246 922 ipse
266 874 345 908 ruit
364 871 588 921 dentesque
609 871 826 908 Sabellicus
849 875 1006 908 exacuit
1025 885 1101 918 sus,
1265 874 1338 912 255

164 943 206 974 et
225 936 328 986 pede
348 937 570 985 prosubigit
588 940 749 982 terram,
770 935 884 973 fricat
903 937 1040 974 arbore
1062 943 1200 984 costas,

163 1007 282 1051 atque
302 1000 395 1036 hinc
414 1005 533 1049 atque
553 1000 662 1036 illinc
682 1013 837 1037 umeros
856 1001 906 1037 ad
926 1001 1086 1038 volnera
1104 1002 1234 1042 durat.

164 1065 259 1116 quid
279 1067 443 1110 iuvenis,
464 1077 652 1113 magnum
673 1068 735 1100 cui
755 1070 884 1102 versat
898 1068 939 1102 in
958 1067 1108 1103 ossibus
1128 1070 1262 1116 ignem

164 1130 285 1167 durus
304 1129 442 1165 amor?
471 1141 616 1178 nempe
637 1129 814 1178 abruptis
836 1130 995 1166 turbata
1015 1131 1195 1180 procellis

164 1199 282 1230 nocte
302 1198 414 1229 natat
433 1206 549 1229 caeca
569 1206 677 1229 serus
694 1192 815 1237 freta3
836 1206 954 1243 quem
969 1207 1087 1243 super
1106 1199 1247 1245 ingens
1268 1198 1342 1235 260

165 1271 216 1308 po
235 1263 275 1295 ta
295 1262 408 1294 tonat
427 1256 539 1302 caeli,
560 1262 601 1293 et
622 1256 792 1305 scopulis
809 1257 923 1293 inlisa
942 1257 1158 1296 reclamant

165 1335 334 1373 aequora
349 1336 358 1368 3
385 1334 457 1357 nec
477 1323 609 1357 miseri
630 1326 796 1370 possunt
816 1334 999 1358 revocare
1019 1329 1219 1371 parentes,

166 1400 239 1423 nec
259 1388 448 1422 moritura
469 1398 587 1434 super
607 1385 758 1422 crudeli
778 1385 918 1422 funere
939 1389 1058 1435 virgo.

166 1451 260 1501 quid
280 1450 416 1500 lynces
438 1450 581 1486 Bacchi
598 1452 724 1486 variae
745 1455 786 1487 et
805 1463 931 1499 genus
951 1464 1039 1488 aere
1055 1451 1237 1501 luporum

166 1521 285 1565 atque
301 1515 470 1551 canum?
500 1514 594 1563 quid
614 1527 714 1563 quae
736 1514 917 1551 imbelles
937 1515 1035 1552 dant
1055 1517 1203 1565 proelia
1216 1520 1342 1555 cervi?

167 1579 317 1617 scilicet
336 1583 430 1616 ante
450 1581 576 1614 omnis
599 1578 704 1615 furor
725 1583 786 1615 est
805 1581 972 1627 insignis
994 1592 1201 1629 equarum3
1268 1584 1341 1621 266

167 1649 209 1681 et
228 1648 405 1680 mentem
426 1642 560 1679 Venus
581 1645 663 1692 ipsa
682 1642 808 1687 dedit,
830 1655 907 1693 quo
928 1648 1108 1693 tempore
1125 1645 1263 1683 Glauci

170 1707 381 1744 Potniades
401 1707 512 1743 malis
531 1708 709 1744 membra
726 1707 979 1756 absumpsere
999 1709 1224 1758 quadrigae.

168 1772 253 1809 illas
272 1771 382 1808 ducit
401 1784 509 1807 amor
527 1777 635 1808 trans
657 1771 831 1821 Gargara
850 1777 1036 1820 transque
1056 1780 1263 1811 sonantem

168 1836 382 1872 Ascanium
399 1847 409 1878 ;
439 1840 629 1884 superant
648 1838 794 1872 montis
815 1840 858 1873 et
877 1835 1036 1873 flumina
1056 1841 1226 1876 tranant,
1268 1840 1342 1878 270

169 1904 435 1950 continuoque
456 1901 578 1937 avidis
598 1902 664 1937 ubi
685 1901 842 1938 subdita
863 1900 1017 1938 flamma
1036 1902 1219 1941 medullis

340 1974 381 1994 2⁵⁷
404 1985 606 2016 umerosque
624 1975 694 2007 PR.
949 1975 991 1995 ²⁶³
1013 1987 1116 2018 supra
1132 1977 1172 2010 P.

172 2037 241 2075 172
