1430 2335
670 75 864 113 VIRGIL

174 154 412 201 nequiquam
434 151 655 198 horremus,
675 154 862 202 caecique
882 155 922 189 in
942 153 1112 190 nubibus
1138 156 1251 202 ignes

174 212 391 248 terrificant
411 215 562 250 animos
582 218 624 250 et
644 216 777 249 inania
795 227 995 250 murmura
1015 216 1216 251 miscent?
1281 219 1356 251 210

173 273 334 324 femina,
354 287 455 324 quae
476 277 620 312 nostris
640 288 774 312 errans
794 278 835 311 in
855 275 997 313 finibus
1018 276 1156 314 urbem

175 337 358 385 exiguam
377 339 507 386 pretio
527 339 671 386 posuit,
691 338 754 373 cui
772 336 866 374 litus
881 338 1073 374 arandum

174 401 317 448 cuique
338 397 413 435 loci
433 398 544 447 leges
565 398 763 445 dedimus,
782 399 949 436 conubia
968 405 1104 436 nostra

173 459 350 508 reppulit
369 473 414 496 ac
433 459 641 496 dominum
660 460 827 497 Aenean
846 463 888 497 in
906 473 1031 510 regna
1049 464 1214 511 recepit.

175 524 216 555 et
236 533 342 556 nunc
363 520 430 557 ille
452 520 559 558 Paris
580 534 670 557 cum
691 523 876 558 semiviro
897 524 1103 569 comitatu,
1282 527 1357 559 215

176 581 359 618 Maeonia
379 587 562 619 mentum
581 584 698 619 mitra
717 585 948 633 crinemque
968 583 1200 621 madentem

175 643 379 689 subnixus,
397 649 511 692 rapto
532 646 708 693 potitur:
738 657 809 680 nos
830 657 993 681 munera
1012 644 1173 694 templis
1306 658 1360 682 ΜΡ

175 707 322 754 quippe
342 707 420 741 tuis
439 705 602 742 ferimus
623 706 846 755 famamque
863 705 1041 743 fovemus
1061 706 1260 744 inanem.'’

227 766 388 803 Talibus
407 772 589 804 orantem
608 767 725 803 dictis
745 780 909 817 arasque
931 773 1140 805 tenentem

175 827 301 865 audiit
319 828 599 878 Omnipotens,
619 828 831 878 oculosque
850 829 901 865 ad
919 832 1077 866 moenia
1096 832 1212 867 torsit
1282 834 1358 867 220

175 893 286 939 regia
305 896 347 927 et
366 891 511 927 oblitos
530 890 659 927 famae
680 891 854 927 melioris
873 894 1054 928 amantis.

175 957 261 988 tum
282 954 336 989 sic
357 952 601 989 Mercurium
619 952 847 1002 adloquitur
866 965 911 989 ac
929 953 1025 990 talia
1039 953 1204 991 mandat
1221 968 1229 991 z

176 1017 201 1034 “
214 1013 313 1050 vade
332 1027 420 1063 age,
440 1019 548 1060 nate,
569 1027 664 1050 voca
680 1014 883 1064 Zephyros
903 1019 946 1051 et
967 1014 1102 1052 labere
1122 1018 1254 1065 pinnis

177 1075 503 1125 Dardaniumque
522 1075 677 1122 ducem,
697 1076 816 1125 Tyria
838 1075 1085 1125 Karthagine
1105 1079 1172 1127 qui
1191 1089 1297 1112 nunc

176 1143 385 1187 exspectat
402 1137 575 1187 fatisque
595 1138 708 1174 datas
728 1150 808 1174 non
829 1140 989 1187 respicit
1008 1139 1138 1184 urbes,
1284 1142 1358 1174 225

175 1199 391 1249 adloquere
412 1204 453 1236 et
473 1199 612 1235 celeris
632 1199 746 1235 defer
765 1212 854 1235 mea
874 1199 980 1235 dicta
1000 1212 1072 1249 per
1090 1213 1213 1237 auras.

175 1275 255 1298 non
276 1261 387 1297 illum
406 1262 518 1297 nobis
538 1263 723 1309 genetrix
742 1260 1008 1309 pulcherrima
1027 1261 1151 1298 talem

175 1326 357 1374 promisit
377 1322 621 1372 Graiumque
642 1323 733 1359 ideo
749 1324 807 1359 bis
828 1323 1007 1361 vindicat
1024 1326 1141 1360 armis
1156 1336 1166 1368 3

178 1386 248 1423 sed
269 1385 366 1430 fore,
387 1387 453 1434 qui
474 1384 679 1434 gravidam
698 1387 874 1433 imperiis
896 1384 1080 1434 belloque
1101 1384 1345 1423 frementem

177 1447 337 1485 Italiam
354 1451 529 1495 regeret,
548 1459 679 1498 genus
695 1445 776 1482 alto
795 1459 818 1482 a
837 1449 1031 1495 sanguine
1051 1446 1193 1483 Teucri
1284 1452 1361 1484 230

177 1509 379 1560 proderet,
398 1521 443 1544 ac
463 1512 594 1544 totum
610 1508 681 1544 sub
701 1507 812 1557 leges
832 1509 1016 1544 mitteret
1034 1508 1184 1546 orbem.
1225 1524 1229 1528 ·

178 1574 208 1607 si
225 1570 334 1607 nulla
353 1569 540 1606 accendit
559 1574 761 1606 tantarum
780 1569 906 1619 gloria
926 1582 1059 1605 rerum

176 1645 252 1669 nee
272 1644 391 1680 super
408 1633 492 1680 ipse
512 1643 582 1667 sua
600 1630 761 1667 molitur
781 1630 899 1667 laude
919 1630 1108 1677 laborem,

178 1694 402 1730 Ascanione
422 1697 537 1741 pater
557 1691 754 1728 Romanas
774 1692 929 1729 invidet
947 1693 1085 1728 arces?
1286 1704 1362 1729 mm

178 1755 274 1806 quid
289 1755 432 1791 struit?
487 1759 556 1789 aut
575 1766 652 1802 qua
671 1766 740 1802 spe
761 1756 921 1789 inimica
940 1755 981 1788 in
1000 1758 1123 1802 gente
1143 1759 1318 1790 moratur

179 1829 253 1853 nec
273 1816 426 1865 prolem
447 1815 664 1852 Ausoniam
686 1818 728 1851 et
747 1814 910 1851 Lavinia
929 1816 1092 1863 respicit
1110 1817 1229 1850 arva?
1284 1813 1360 1851 236

179 1881 344 1926 naviget
362 1890 369 1913 ε
398 1877 496 1912 haec
516 1888 667 1911 summa
687 1881 760 1919 est,
780 1875 845 1912 hic
865 1877 988 1912 nostri
1008 1878 1171 1911 nuntius
1191 1876 1315 1912 esto?

266 1978 309 1997 ²²⁷
336 1978 494 2018 genetrix
511 1977 609 2009 nobis
627 1976 683 2009 Pl.
923 1976 968 1995 ²³³
993 1977 1144 2008 laborum
1162 1976 1273 2009 MlP‘z

183 2039 258 2071 410
