1430 2335
697 83 890 120 VIRGIL

782 189 818 224 V

698 286 898 311 MENALCAS

206 348 290 383 Con
310 359 402 390 non,
424 346 578 394 Mopse,
598 346 691 381 boni
712 347 898 394 quoniam
918 346 1174 381 convenimus
1194 345 1324 392 ambo,
1340 358 1384 382 PR

204 407 247 437 tu
269 400 437 436 calamos
453 399 588 435 inflare
608 399 719 444 levis,
741 411 815 447 ego
836 398 969 435 dicere
990 411 1136 444 versus,

207 454 269 491 hic
289 452 431 503 corylis
450 455 593 489 mixtas
613 454 719 489 inter
738 451 988 489 consedimus
1008 451 1163 489 ulmos?

733 593 875 617 MOPSUS

205 651 264 688 Tu
285 654 430 695 maior3
458 651 532 687 tibi
552 664 615 687 me
638 655 699 687 est
719 663 891 700 aequum
912 663 1065 699 parere,
1088 650 1282 697 Menalca,

207 708 287 742 sive
308 706 381 741 sub
401 707 572 741 incertas
594 703 784 753 Zephyris
806 705 1049 741 motantibus
1070 705 1241 750 umbras,

206 761 286 796 sive
307 764 421 795 antro
442 761 573 807 potius
593 757 848 795 succedimus.
897 760 1042 806 aspice,
1063 763 1107 795 ut
1126 763 1283 795 antrum

206 812 398 850 silvestris
418 814 513 848 raris
533 814 676 861 sparsit
696 811 875 848 labrusca
894 814 1071 849 racemis.

696 951 895 976 MENALCAS

209 1008 413 1046 Montibus
433 1011 474 1046 in
494 1011 639 1046 nostris
660 1009 763 1046 solus
784 1010 856 1046 tibi
877 1014 1004 1047 certat
1021 1010 1225 1061 Amyntas.

727 1108 870 1132 MOPSUS

207 1163 328 1211 Quid,
347 1167 378 1202 si
398 1164 505 1203 idem
525 1170 656 1203 certet
679 1165 882 1202 Phoebum
904 1179 1089 1216 superare
1109 1165 1287 1204 canendo
1304 1168 1318 1203 ?

700 1295 898 1320 MENALCAS

208 1352 360 1402 Incipe,
382 1353 534 1403 Mopse,
556 1355 673 1402 prior,
694 1355 725 1390 si
746 1366 843 1403 quos
861 1358 931 1390 aut
954 1353 1144 1403 Phyllidis
1161 1356 1264 1405 ignis
1342 1360 1388 1391 10

205 1412 273 1442 aut
296 1406 456 1443 Alconis
477 1407 599 1443 habes
619 1407 757 1444 laudes
776 1412 845 1444 aut
864 1410 991 1457 iurgia
1012 1408 1140 1447 Codri.

205 1463 337 1510 incipe
356 1473 364 1505 3
394 1463 593 1510 pascentis
615 1461 787 1498 servabit
807 1460 966 1511 Tityrus
987 1461 1146 1500 haedos.

727 1600 869 1626 MOPSUS

207 1655 333 1695 Immo
353 1658 464 1704 haec,
486 1661 526 1694 in
550 1658 662 1695 viridi
684 1671 813 1707 nuper
829 1672 930 1708 quae
951 1661 1099 1697 cortice
1121 1660 1201 1710 fagi

205 1714 376 1747 carmina
396 1712 586 1761 descripsi
607 1717 649 1749 et
668 1712 876 1749 modulans
895 1713 1049 1750 alterna
1067 1716 1216 1759 notavi,

206 1768 387 1814 experiar
405 1778 413 1802 ε
442 1771 484 1802 tu
502 1766 650 1803 deinde
672 1766 809 1803 iubeto
828 1771 874 1803 ut
894 1772 1024 1804 certet
1043 1767 1250 1817 Amyntas.
1342 1772 1386 1805 15

336 1843 349 1862 ⁸
373 1848 479 1876 certet
497 1846 536 1875 P.
911 1844 940 1865 ¹⁵
965 1847 1082 1879 iubeto
1097 1850 1203 1879 certet
1220 1848 1258 1878 P.

245 1943 257 1965 l
287 1941 327 1971 ln
352 1941 421 1971 this
445 1950 543 1981 poem
568 1944 636 1972 two
660 1942 847 1980 shephedrs
871 1952 1001 1981 engage
1024 1943 1059 1973 in
1082 1952 1103 1973 a
1123 1943 1272 1982 friendly
1288 1953 1385 1981 song-

202 1986 347 2022 contest‚
369 1983 427 2014 the
446 1992 509 2015 one
531 1983 678 2023 relating
698 1985 757 2016 the
779 1983 882 2016 death
903 1985 938 2017 of
963 1985 1126 2026 Daphnis,
1147 1987 1205 2017 the
1220 1987 1316 2018 other
1333 1986 1385 2017 his

174 2038 252 2072 ‘34
