1430 2335
646 97 700 134 VI
706 97 837 136 RGIL

161 184 235 208 nec
254 173 305 209 (le
325 185 513 209 concussa
530 178 688 210 tantum
708 173 813 223 pluit
830 175 920 212 ilice
939 175 1108 225 glandis,

161 228 234 274 ipsi
254 239 325 275 per
345 226 494 262 medias
514 229 617 263 acies
639 227 860 276 insignibus
877 228 950 265 alis

161 281 337 327 ingentis
356 281 506 316 animos
525 285 694 328 angusto
713 283 755 316 in
774 286 935 330 pectore
956 288 1125 327 versant,

163 345 284 382 usque
304 332 403 369 adeo
423 333 557 369 obnixi
576 345 655 369 non
676 333 831 379 cedere,
852 335 946 372 (lum
965 339 1092 385 gravis
1113 341 1181 374 aut
1202 336 1272 373 hos

161 391 230 422 aut
249 385 321 422 hos
341 398 453 422 versa
471 386 566 435 fuga
586 389 711 423 victor
729 387 824 423 dare
844 393 958 437 terga
977 390 1146 438 subegit.
1286 395 1334 428 85

162 438 202 474 hi
222 443 353 476 motus
372 442 591 476 animorum
610 445 730 490 atque
750 439 847 477 haec
867 445 1083 478 certamina
1102 447 1213 479 tanta

161 492 334 540 pulveris
353 495 485 542 exigui
506 496 611 530 iactu
631 506 854 542 compressa
872 498 1090 544 quiescunt.

215 544 362 582 Verum
382 547 450 583 ubi
469 546 654 584 ductores
675 550 758 583 acie
778 551 1020 584 revocaveris
1040 549 1169 596 ambo,

162 598 336 635 deterior
354 601 423 649 qui
441 601 558 646 visus,
578 612 683 644 eum,
704 613 755 637 ne
775 600 962 650 prodigus
981 602 1097 647 obsit,

162 651 266 688 dede
287 655 398 697 neci3
428 653 566 690 melior
584 666 706 689 vacua
726 656 810 690 sine
829 659 972 703 regnet
990 657 1031 691 in
1051 654 1150 692 aula.
1286 659 1336 698 90

162 705 263 741 alter
283 708 359 742 erit
378 706 540 742 maculis
559 719 652 742 auro
673 707 944 756 squalentibus
964 709 1118 745 ardens.

163 772 252 794 nam
273 759 351 795 duo
372 764 465 796 sunt
483 772 655 809 genera:
684 759 748 797 hic
769 761 919 804 melior,
941 764 1106 810 insignis
1127 765 1169 798 et
1189 773 1256 798 ore

163 817 205 848 et
224 813 351 848 rutilis
371 813 497 848 clarus
517 815 710 863 squamis3
737 813 805 850 ille
826 813 1005 851 horridus
1025 816 1127 852 alter

162 865 313 902 desidia
333 866 535 916 latamque
555 867 716 903 trahens
737 866 926 916 inglorius
945 868 1089 906 alvum.

163 923 207 955 ut
227 920 342 955 binae
363 932 503 969 regum
522 919 654 963 facies,
676 923 731 956 ita
752 933 913 968 corpora
934 921 1074 970 plebis.
1282 924 1331 963 95

162 985 332 1022 namque
351 974 451 1010 aliae
470 978 607 1022 turpes
628 972 805 1019 horrent,
826 987 897 1011 ceu
919 975 1082 1023 pulvere
1102 975 1152 1011 ab
1172 975 1253 1012 alto

163 1039 252 1061 cum
273 1028 383 1062 venit
404 1032 446 1063 et
466 1029 566 1062 sicco
586 1031 731 1063 terram
753 1029 859 1076 spuit
878 1039 944 1064 ore
964 1030 1091 1063 viator
1262 1040 1338 1064 FMP

163 1079 315 1123 aridus;
346 1080 508 1116 elucent
527 1081 626 1116 aliae
649 1086 690 1116 et
710 1078 864 1130 fulgore
884 1086 1092 1117 coruscant

164 1132 352 1169 ardentes
372 1146 466 1169 auro
488 1138 528 1169 et
551 1134 709 1182 paiibus
730 1133 800 1169 lita
820 1146 982 1182 corpora
1002 1136 1137 1183 guttis.

163 1185 260 1221 haec
281 1188 409 1234 potior
429 1186 599 1230 suboles,
620 1186 712 1222 hinc
734 1186 831 1222 caeli
853 1192 1033 1236 tempore
1053 1192 1162 1224 certo
1266 1193 1338 1224 100

163 1239 291 1274 dulcia
311 1240 431 1275 niella
450 1252 620 1288 premes,
639 1252 714 1276 nec
733 1244 890 1276 tantum
912 1239 1056 1287 dulcia,
1075 1245 1268 1291 quantum

163 1298 205 1328 et
224 1292 372 1342 liquida
393 1297 432 1328 et
453 1292 593 1329 durum
616 1293 757 1329 Bacchi
778 1293 976 1329 domitura
995 1306 1185 1343 saporem.

216 1345 271 1381 At
291 1358 380 1382 cum
399 1348 552 1382 incerta
572 1347 706 1383 volant
726 1347 914 1396 caeloque
935 1350 1116 1383 examina
1137 1347 1282 1384 ludunt

163 1403 507 1448 contemnuntque
528 1400 635 1435 favos
655 1405 697 1436 et
717 1399 861 1447 frigida
882 1405 991 1436 tecta
1010 1401 1255 1450 relinquunt,

162 1452 355 1489 instabilis
375 1456 524 1489 animos
543 1452 639 1488 ludo
659 1453 886 1502 prohibebis
906 1455 1025 1490 inani.
1267 1459 1337 1491 105

163 1518 237 1542 nec
253 1518 418 1554 magnus
439 1506 650 1555 prohibere
672 1507 803 1542 labor:
831 1511 876 1542 tu
896 1507 1055 1555 regibus
1075 1506 1156 1543 alas

163 1562 294 1607 eripe;
324 1572 403 1595 non
425 1560 502 1596 illis
523 1562 731 1609 quisquam
751 1561 1032 1596 cunctantibus
1051 1561 1179 1597 altum

163 1615 218 1648 ire
239 1615 314 1648 iter
333 1617 402 1648 aut
422 1615 556 1649 castris
575 1613 740 1648 audebit
759 1613 906 1649 vellere
925 1615 1047 1662 signa.

162 1667 333 1701 invitent
349 1668 493 1702 croceis
511 1665 690 1702 halantes
709 1665 867 1702 floribus
886 1664 990 1702 horti

163 1723 204 1753 et
225 1723 352 1753 custos
368 1718 497 1754 furum
517 1724 635 1767 atque
656 1721 785 1754 avium
806 1731 894 1754 cum
913 1717 1011 1754 falce
1027 1718 1176 1769 saligna
1269 1723 1340 1756 110

166 1770 481 1819 Hellespontiaci
497 1777 627 1808 servet
646 1772 772 1807 tutela
794 1770 933 1820 Priapi.

366 1893 394 1912 ⁸⁷
421 1895 597 1931 quiescent
612 1893 651 1926 P.
890 1893 917 1912 ⁵⁸
942 1895 1062 1926 ambos
1079 1894 1116 1926 P.

348 1935 394 1954 ¹⁰³
420 1938 466 1976 at]
488 1944 547 1968 aut
564 1936 599 1968 P.
875 1936 921 1956 ²⁰⁵
947 1939 980 1969 iu
998 1938 1142 1969 stabulis
1159 1937 1225 1970 Ml.

348 1979 390 1998 ¹¹⁰
414 1981 547 2018 frugum
567 1980 626 2010 Μ’.
