1430 2335
639 88 834 126 VlRGIL

143 165 216 201 sub
235 165 402 213 pedibus
421 166 574 214 mugire
593 164 719 201 solum
740 169 783 202 et
799 167 892 215 iuga
910 170 1052 215 coepta
1069 168 1218 203 moveri

144 219 340 264 silvarum,
360 221 546 268 visaeque
566 231 683 255 canes
702 218 854 255 ululare
873 232 944 268 per
959 219 1139 256 umbram

143 272 387 309 adventante
407 272 493 310 dea.
550 272 723 321 “procul
743 285 778 316 o,
799 272 937 322 procul
956 277 1055 319 este,
1075 272 1267 323 profani‚”

143 325 366 363 conclamat
379 331 503 371 vates,
523 329 724 375 “totoque
744 327 924 362 absistite
943 326 1054 371 luco3

144 384 267 429 tuque
286 379 430 416 invade
451 382 551 415 viam
573 382 794 429 vaginaque
815 382 923 428 eripe
943 379 1091 417 ferrum
1109 393 1117 416 :
1245 378 1320 417 260

141 446 248 469 nunc
267 436 409 470 animis
428 446 538 482 opus,
559 433 711 478 Aenea,
732 446 837 469 nunc
857 438 1017 482 pectore
1038 433 1186 471 firmo.’'

142 491 299 523 tantum
321 487 439 523 effata
458 486 593 523 furens
611 492 726 524 antro
744 500 786 523 se
804 489 968 524 immisit
986 492 1146 536 aperto;

141 540 208 576 ille
229 540 373 577 ducem
392 540 497 577 haud
518 540 668 577 timidis
688 540 903 577 vadentem
924 541 1101 590 passibus
1120 546 1277 591 aequat.

194 594 258 638 Di,
287 596 428 644 quibus
469 596 680 643 imperium
721 599 784 631 est
820 597 1051 639 animarum,
1079 596 1321 645 umbraeque

245 648 410 685 silentes

140 706 182 738 et
207 701 333 738 Chaos
354 707 395 738 et
418 701 682 751 Phlegethon,
700 701 787 738 loca
806 707 924 739 nocte
944 704 1118 739 tacentia
1136 702 1230 751 late,
1244 702 1319 741 ⁶265

139 758 191 792 sit
209 755 307 792 mihi
329 755 385 792 fas
405 756 542 792 audita
560 755 667 805 loqui
684 768 693 800 ;
722 759 773 792 sit
793 758 956 792 numine
976 760 1107 792 vestro

139 809 316 858 pandere
335 822 398 846 res
417 809 497 846 alta
519 814 622 846 terra
643 814 685 846 et
704 809 874 858 caligine
894 822 1053 846 mersas.

193 863 311 900 Ibant
330 864 485 900 obscuri
505 863 585 899 sola
605 863 678 899 sub
697 868 816 899 nocte
836 875 907 912 per
927 863 1106 900 umbram

138 929 289 966 perque
308 916 445 954 domos
467 917 572 953 Ditis
592 930 732 953 vacuas
751 921 793 953 et
812 919 944 952 inania
962 929 1098 966 regna,

138 970 254 1020 quale
274 983 345 1019 per
362 973 557 1007 incertam
577 970 713 1006 lunam
732 970 805 1006 sub
825 970 912 1007 luce
930 970 1105 1019 maligna
1242 976 1317 1012 270

138 1029 201 1061 est
219 1027 297 1061 iter
316 1027 356 1060 in
371 1024 491 1070 silvis,
509 1024 577 1060 ubi
598 1024 752 1061 caelum
772 1024 952 1060 condidit
971 1025 1108 1060 umbra

140 1078 332 1127 Iuppiter,
353 1083 395 1115 et
414 1079 530 1115 rebus
551 1090 629 1114 nox
648 1077 814 1114 abstulit
832 1083 917 1114 atra
937 1077 1121 1114 colorem.

138 1132 379 1168 vestibulum
407 1137 502 1169 ante
531 1134 660 1181 ipsum
689 1133 905 1181 primisque
933 1134 974 1167 in
1002 1131 1182 1169 faucibus

262 1186 356 1222 Orci
1236 1198 1317 1224 MPR

137 1238 286 1276 Luctus
306 1245 348 1276 et
368 1239 529 1275 ultrices
550 1251 715 1288 posuere
735 1238 881 1275 cubilia
900 1238 1038 1285 Curae,

134 1292 412 1343 pallentesque
433 1292 616 1329 habitant
637 1292 767 1328 Morbi
789 1294 992 1342 tristisque
1012 1292 1206 1330 Senectus
1240 1297 1314 1334 275

135 1352 177 1383 et
199 1347 334 1383 Metus
354 1351 396 1383 et
417 1345 641 1382 malesuada
661 1346 800 1382 Fames
818 1359 863 1382 ac
882 1349 1009 1395 turpis
1030 1346 1210 1396 Egestas,

134 1400 334 1437 terribiles
353 1402 437 1436 visu
458 1400 621 1445 formae,
642 1399 868 1449 Letumque
890 1399 1120 1449 Labosque;

133 1459 219 1491 tum
238 1456 554 1502 consanguineus
575 1453 665 1490 Leti
685 1452 811 1502 Sopor
830 1458 872 1490 et
890 1453 993 1489 mala
1010 1457 1158 1491 mentis

135 1507 302 1551 Gaudia,
324 1506 654 1556 mortiferumque
674 1507 838 1543 adverso
858 1509 898 1542 in
919 1506 1055 1543 limine
1076 1507 1234 1544 Bellum

132 1561 331 1610 ferreique
352 1561 619 1597 Eumenidum
642 1561 808 1596 thalami
829 1565 871 1597 et
891 1560 1098 1597 Discordia
1117 1561 1296 1608 demens,

132 1618 335 1664 vipereum
355 1617 505 1651 crinem
525 1617 634 1651 vittis
653 1617 799 1651 innexa
819 1616 1004 1651 cruentis.
1236 1620 1306 1653 281

174 1699 220 1718 ²⁶⁷
243 1700 329 1731 altas
345 1698 409 1732 M1.

175 1742 221 1760 ²³⁰
246 1744 412 1774 incertum
430 1741 474 1774 Fl
493 1754 499 1774 :
516 1743 687 1781 inceptam
703 1741 762 1782 710²,
779 1744 917 1781 Ner-vlits,
930 1744 997 1774 who
1013 1743 1118 1774 lemnes
1134 1744 1307 1777 incertam.

174 1784 220 1804 2⁷³
246 1786 365 1824 primis
383 1786 417 1816 in
435 1786 476 1817 P.
949 1785 997 1804 ²⁸¹
1021 1787 1140 1818 innixa
1154 1788 1193 1817 R.

175 1860 182 1877 ¹
215 1859 349 1894 Hecate,
369 1860 445 1891 who
463 1869 576 1891 comes
594 1862 630 1891 to
647 1870 734 1900 open
752 1861 811 1890 the
829 1870 913 1899 way.

173 1900 186 1919 ²
212 1902 281 1932 The
306 1902 410 1932 realm
442 1903 478 1934 of
503 1903 604 1934 Pluto
632 1903 660 1933 is
686 1903 871 1934 conceived
899 1912 934 1933 as
964 1903 1067 1942 being
1097 1905 1310 1943 approached

129 1945 279 1983 through
304 1954 347 1975 an
371 1947 530 1976 entrance
554 1948 661 1982 court,
687 1950 722 1977 at
748 1946 807 1976 the
831 1946 884 1976 far
901 1945 974 1976 side
999 1947 1034 1978 of
1062 1947 1172 1977 which
1199 1948 1226 1978 is
1252 1949 1309 1978 the

130 1987 307 2019 threshold
326 1987 447 2027 (limen,
467 1989 551 2027 279),
570 1989 653 2019 with
674 1989 732 2020 the
757 1988 860 2021 doors
876 1989 994 2028 (fores,
1012 1990 1099 2028 286),
1119 1990 1308 2030 admitting

131 2046 206 2077 524
