1430 2335
661 107 855 143 VIRGIL

167 180 268 217 dixit
286 185 328 217 et
346 182 387 216 in
407 192 585 217 mensam
604 179 768 217 laticum
786 179 926 216 libavit
942 179 1133 217 honorem

169 245 372 291 primaque
391 240 515 277 libato
536 254 688 277 summo
708 247 826 278 tenus
844 244 982 290 attigit
1002 255 1069 278 ore
1087 254 1095 285 3

171 309 255 338 turn
277 303 404 339 Bitiae
425 303 539 339 dedit
558 305 800 352 increpitans
817 316 825 347 3
854 303 921 339 ille
940 305 1109 352 impiger
1128 303 1259 340 hausit

169 369 421 413 spumantem
442 369 622 413 pateram
642 369 684 401 et
702 364 822 413 pleno
843 377 884 400 se
903 365 1049 413 proluit
1072 377 1191 408 aur-03

171 431 259 475 post
279 426 345 461 alii
364 439 560 475 proceres.
616 425 767 462 cithara
785 428 949 462 crinitus
970 426 1084 475 Iopas
1274 429 1349 465 740

172 493 358 536 personat
377 493 526 531 aurata,
546 487 682 524 docuit
702 500 822 536 quem
841 490 1034 524 maximus
1055 488 1178 525 Atlas.

172 548 235 585 hic
256 552 363 585 canit
382 554 581 585 errantem
600 549 736 585 lunam
755 549 926 597 solisque
945 549 1109 594 labores,

174 610 280 647 unde
295 610 503 647 hominum
516 623 643 660 genus
656 615 697 647 et
712 610 899 659 pecudes,
912 610 1018 647 unde
1034 612 1160 647 imber
1172 617 1213 648 et
1229 615 1352 660 ³gnes,

173 673 386 709 Arcturum
410 672 640 722 pluviasque
664 672 826 721 Hyadas
844 675 1105 722 geminosque
1125 673 1288 709 Triones
1307 686 1315 716 ;

174 734 269 785 quid
288 740 445 771 tantum
467 734 629 771 Oceano
649 739 866 783 properent
884 747 926 771 se
944 737 1128 784 tinguere
1148 735 1248 772 soles
1278 737 1352 773 Y45

174 796 344 841 hiberni,
365 796 426 832 vel
449 809 550 845 quae
568 796 692 832 tardis
710 809 819 832 mora
838 797 1021 833 noctibus
1041 797 1184 834 obstet.

174 860 423 907 ingeminant
443 857 582 906 plausu
601 857 720 907 Tyrii,
742 856 943 907 Troesque
964 864 1193 908 sequuntur.

173 933 248 956 nec
269 933 349 955 non
370 924 411 955 et
432 922 536 955 vario
556 924 717 956 noctem
738 932 919 955 sermone
940 920 1126 957 trahebat

174 981 311 1017 infelix
334 980 439 1016 Dido
458 980 700 1030 longumque
722 982 885 1017 bibebat
903 995 1093 1028 amorem,

174 1043 300 1079 multa
320 1055 438 1091 super
459 1042 612 1078 Priamo
634 1046 825 1091 rogitans,
845 1055 963 1091 super
984 1043 1161 1081 Hectore
1182 1045 1330 1089 multa3

176 1118 294 1149 nunc,
315 1105 458 1153 quibus
479 1104 656 1140 Aurorae
678 1106 850 1140 venisset
871 1104 971 1140 filius
991 1109 1119 1151 armis,
1282 1109 1353 1145 751

175 1180 294 1211 nunc,
316 1165 451 1215 quales
476 1165 685 1201 Diomedis
709 1168 812 1214 equi,
833 1178 954 1211 nune,
975 1172 1146 1215 quantus
1167 1167 1355 1205 Achilles.

178 1232 337 1265 “immo
357 1242 431 1277 age
452 1234 494 1265 et
513 1243 534 1264 a
556 1232 682 1278 prima
702 1229 777 1274 dic,
797 1228 956 1278 hospes,
976 1233 1128 1279 origine
1149 1233 1262 1269 nobis

178 1290 339 1327 insidias
353 1290 374 1301 ”
395 1293 527 1340 inquit
546 1294 569 1310 ‘⁴
588 1291 769 1326 Danaum
790 1303 980 1340 casusque
1000 1297 1158 1329 tuorum

176 1364 407 1400 erroresque
431 1357 543 1394 tuos;
575 1365 665 1388 nam
687 1357 727 1388 te
746 1355 821 1387 iam
844 1355 1012 1401 septima
1030 1360 1163 1402 portat

176 1414 360 1451 omnibus
382 1419 582 1450 errantem
602 1417 717 1450 terris
737 1419 778 1450 et
798 1413 982 1451 fluctibus
1002 1416 1170 1453 aestas.’'

1283 1358 1329 1394 Εἰ

1335 1361 1356 1393 0¹

389 1491 438 1512 ⁷⁴¹
461 1492 588 1536 quem]
613 1504 699 1533 quae
710 1493 760 1534 7²,
771 1493 946 1535 preferred
961 1494 1000 1536 by
1016 1495 1158 1528 Servius.

175 2048 253 2089 ⁶292
