1430 2335
692 86 886 124 VIRGIL

197 165 340 212 aspice,
361 165 550 211 corripuit
570 162 752 199 tremulis
771 162 910 199 altaria
929 161 1094 199 flammis
1302 163 1375 198 105

198 222 341 265 sponte
361 228 441 261 sua,
461 216 557 252 dum
579 215 680 252 ferre
701 229 841 260 moror,
862 219 959 253 cinis
979 219 1073 264 ipse.
1133 216 1279 252 bouum
1300 215 1374 252 sit!

197 272 329 306 nescio
349 270 444 321 quid
464 274 572 306 certe
593 274 668 314 est,
688 274 729 306 et
750 269 886 319 Hylax
905 272 947 306 in
965 270 1102 306 limine
1121 269 1254 305 latrat.

198 323 422 361 credimus?
449 336 499 359 an
520 325 586 372 qui
605 327 752 367 amant,
773 325 847 371 ipsi
866 323 939 359 sibi
959 325 1110 359 somnia
1128 322 1286 371 fingunt
1303 322 1316 357 ?

249 404 413 450 parcite,
456 401 505 437 ab
551 402 649 438 urbe
695 403 820 447 venit,
865 403 942 437 iam
989 403 1140 451 parcite
1192 403 1377 446 carmina,

303 453 524 505 Daphnis.''

761 755 818 792 IX

709 854 869 878 LYCIDAS

198 911 288 957 Quo
301 916 355 958 te,
374 912 512 957 Moeri,
527 912 679 962 pedes?
702 926 765 958 an,
779 926 856 962 quo
870 914 930 948 via
945 912 1068 958 ducit,
1081 914 1121 949 in
1134 913 1300 950 urbem?
1324 925 1376 949 ΜΡ

717 1065 858 1088 MOERIS

198 1121 233 1157 O
256 1120 414 1170 Lycida,
436 1123 510 1157 vivi
532 1124 798 1171 pervenimus,
818 1122 972 1159 advena
996 1124 1120 1160 nostri

196 1173 319 1224 (quod
339 1188 552 1224 numquam
574 1178 690 1211 veriti
710 1178 859 1224 sumus)
881 1181 926 1212 ut
945 1189 1145 1224 possessor
1165 1177 1285 1226 agelli

196 1228 372 1265 diceret:
406 1232 429 1249 ‘⁵'
443 1228 542 1265 haec
562 1242 652 1265 mea
672 1235 765 1265 sunt
783 1242 791 1273 ;
820 1234 977 1266 veteres
997 1233 1167 1280 migrate
1188 1230 1352 1267 coloni.⁷'

195 1294 301 1318 nunc
322 1284 428 1326 victi,
448 1285 595 1327 tristes,
615 1285 799 1332 quoniam
822 1283 899 1319 fors
919 1286 1051 1319 omnia
1071 1290 1214 1329 versat,
1349 1289 1370 1320 5

195 1334 266 1372 hos
286 1334 344 1371 illi
368 1335 486 1385 (quod
507 1349 582 1373 nec
604 1341 734 1373 vertat
753 1337 871 1385 bene)
892 1339 1087 1374 mittimus
1107 1337 1265 1376 haedos.

706 1491 864 1514 LYCIDAS

196 1547 312 1583 Certe
332 1547 517 1596 equidem
538 1548 753 1593 audieram,
775 1562 851 1598 qua
871 1562 913 1586 se
932 1550 1156 1588 subducere
1175 1551 1298 1589 colles

193 1602 391 1649 incipiunt
410 1601 598 1651 mollique
620 1605 755 1651 iugum
777 1603 991 1640 demittere
1012 1604 1125 1649 clivo,

196 1667 317 1703 usque
346 1654 395 1689 ad
424 1667 565 1704 aquam
604 1661 645 1692 et
684 1661 853 1701 veteres,
889 1659 966 1693 iam
993 1657 1118 1694 fracta
1156 1661 1373 1704 cacumina,

300 1708 409 1756 sagos

193 1762 324 1796 omnia
344 1762 581 1799 carminibus
600 1767 774 1799 vestrum
795 1776 968 1800 servasse
990 1764 1213 1803 Menalcan.
1326 1769 1373 1801 10

450 1861 495 1880 1⁰⁷
523 1864 628 1904 Hylas
646 1865 742 1896 MSS.

449 1904 496 1923 ¹⁰⁹
522 1908 673 1938 carmina
690 1908 817 1946 parcite
833 1908 879 1940 M.

478 1948 490 1965 ⁹
518 1950 642 1980 veteris
660 1951 699 1986 P,
720 1951 832 1983 Berne
847 1952 997 1984 Scholia:
1020 1953 1088 1992 fagi
1106 1953 1136 1983 P

192 2014 243 2053 64
