1430 2335
701 73 891 111 VIRGIL

770 183 825 220 VI

210 271 337 307 Pmm
358 270 562 320 Syracosio
583 270 747 319 dignata
768 275 829 306 est
848 270 987 308 ludere
1008 283 1122 308 versu
1314 282 1387 307 an

206 337 339 368 nostra
358 344 433 368 nec
453 333 611 368 erubuit
633 332 747 368 silvas
767 331 947 369 habitare
968 332 1118 369 Thalia.

206 407 295 430 cum
315 406 498 429 canerem
518 406 633 442 reges
654 398 695 430 et
714 393 874 443 proelia,
897 393 1090 443 Cynthius
1110 406 1245 430 aurem

206 454 318 491 vellit
338 459 379 491 et
398 454 607 492 admonuit
625 468 632 491 :
659 458 682 475 “
699 460 910 504 pastorem,
929 455 1081 505 Tityre,
1101 457 1260 504 pinguis

205 529 367 566 pascere
386 522 546 566 oportet
568 519 663 562 ovis,
683 517 903 554 deductum
923 517 1056 554 dicere
1077 515 1274 554 carmen.''
1363 521 1384 553 5

205 591 311 614 nunc
331 591 406 627 ego
425 577 614 629 (namque
631 592 750 628 super
764 579 839 615 tibi
855 583 986 623 erunt,
1000 581 1066 628 qui
1082 578 1215 616 dicere
1235 577 1385 624 laudes,

206 640 321 685 Vare,
341 645 426 676 tuas
447 643 610 689 cupiant
630 646 672 678 et
692 643 821 677 tristia
841 640 1013 677 condere
1033 639 1156 690 bella)

203 706 402 750 agrestem
423 704 535 737 tenui
554 702 777 738 meditabor
796 702 1018 738 harundine
1040 701 1207 738 Musam.

154 793 158 799 .
203 776 284 799 non
304 766 450 799 iniussa
470 776 578 799 cano.
619 767 651 800 si
672 767 757 813 quis
777 769 914 801 tamen
935 763 1034 800 haec
1055 776 1227 813 quoque,
1247 764 1278 799 si
1298 765 1385 813 quis

203 830 341 873 captus
361 837 493 861 amore
514 825 637 874 leget,
658 831 700 862 te
721 831 893 871 nostrae,
914 826 1030 869 Vare,
1050 828 1237 875 myricae,
1337 829 1383 861 10

202 891 243 923 te
265 899 404 924 nemus
425 900 543 924 omne
565 893 706 931 canet3
736 901 809 924 uec
832 887 995 925 Phoebo
1015 890 1165 936 gratior
1184 886 1263 923 ulla
1283 891 1357 932 est,

202 961 320 998 quam
341 949 414 985 sibi
434 962 534 998 quae
555 949 648 985 Vari
668 952 922 999 praescripsit
943 952 1088 998 pagina
1108 962 1264 985 nomen.

256 1010 430 1059 Pergite,
453 1010 638 1048 Pierides.
697 1011 940 1048 Chromis-et
961 1010 1178 1061 Mnasyllos
1198 1013 1238 1047 in
1258 1015 1373 1047 antro

202 1071 380 1108 Silenum
400 1075 512 1121 pueri
532 1085 669 1109 somno
689 1073 825 1110 videre
844 1075 1058 1118 iacentem,

202 1133 382 1170 inflatum
401 1133 592 1171 hesterno
612 1147 744 1180 venas,
764 1140 809 1171 ut
829 1147 999 1184 semper,
1023 1133 1189 1179 Iaccho3
1337 1137 1381 1170 15

201 1200 306 1232 serta
326 1196 476 1245 procul,
498 1201 654 1232 tantum
676 1199 795 1246 capiti
816 1196 992 1245 delapsa,
1012 1197 1198 1233 iacebant

201 1263 244 1294 et
263 1259 392 1307 gravis
411 1261 550 1294 attrita
570 1258 775 1307 pendebat
795 1258 1007 1295 cantharus
1026 1271 1131 1294 ansa.

200 1319 375 1368 adgressi
396 1318 505 1370 (nam
525 1333 643 1369 saepe
663 1333 785 1356 senex
805 1333 874 1370 spe
895 1322 1078 1356 carminis
1098 1320 1214 1355 ambo

202 1380 369 1431 luserat)
388 1384 557 1417 iniciunt
576 1384 670 1431 ipsis
693 1395 739 1418 ex
761 1381 917 1418 vincula
937 1384 1063 1418 sertis.

200 1443 312 1479 addit
333 1456 373 1479 se
394 1445 540 1479 sociam
560 1443 789 1493 timidisque
810 1446 1042 1492 supervenit
1062 1443 1204 1492 Aegle,
1333 1446 1382 1477 20

201 1505 344 1554 Aegle,
366 1505 561 1541 Naiadum
583 1505 861 1554 pulcherrima,
882 1508 1041 1555 iamque
1062 1505 1214 1542 videnti

201 1569 430 1616 sanguineis
452 1567 626 1604 frontem
647 1570 764 1604 mox-is
784 1572 826 1604 et
845 1572 1025 1617 tempora
1046 1569 1187 1617 pingit.
1334 1578 1384 1602 PR

201 1628 269 1665 ille
290 1628 425 1664 dolum
445 1629 580 1665 ridens
602 1632 625 1650 “
639 1642 717 1679 quo
738 1629 896 1665 vincula
916 1631 1076 1666 nectitis
1095 1628 1142 1665 ?'’
1166 1629 1306 1677 inquit.

203 1690 380 1726 “solvite
400 1703 478 1735 me,
499 1693 610 1739 pueri
628 1703 636 1727 :
665 1693 758 1727 satis
779 1696 840 1727 est
860 1694 1035 1740 potuzsse
1057 1690 1191 1728 videri.

201 1754 385 1795 carmina,
407 1764 506 1801 quae
527 1752 656 1797 voltis,
677 1756 930 1802 cognoscite3
959 1755 1132 1789 carmina
1155 1754 1276 1799 vobis,
1333 1757 1381 1791 25

201 1813 293 1849 huic
311 1813 418 1849 aliud
437 1813 633 1850 mercedis
655 1814 768 1851 erit.”
826 1814 942 1850 simul
964 1817 1105 1865 incipit
1127 1818 1222 1864 ipse.

201 1880 286 1911 tum
307 1888 398 1912 vero
419 1877 459 1911 111
480 1888 691 1912 numerum
715 1876 950 1926 Faunosque
972 1876 1153 1926 ferasque
1175 1877 1329 1913 videres

371 1953 384 1973 ²
408 1955 504 1986 silvis
522 1956 559 1988 R.
879 1956 892 1976 ⁵
917 1957 1096 1989 diductum
1114 1957 1188 1991 PV.

200 2014 250 2046 42
