<?xml version="1.0" encoding="UTF-8"?>
<!DOCTYPE html PUBLIC "-//W3C//DTD XHTML 1.0 Transitional//EN"
    "http://www.w3.org/TR/xhtml1/DTD/xhtml1-transitional.dtd">
<html xmlns="http://www.w3.org/1999/xhtml" xml:lang="en" lang="en">
 <head>
  <title>
</title>
<meta http-equiv="Content-Type" content="text/html;charset=utf-8" />
  <meta name='ocr-system' content='tesseract 3.04.00' />
  <meta name='ocr-capabilities' content='ocr_page ocr_carea ocr_par ocr_line ocrx_word'/>
</head>
<body>
  <div class='ocr_page' id='page_1' title='image "./virgilwithenglis01virg_0442.png"; bbox 0 0 1430 2335; ppageno 0'>
   <div class='ocr_carea' id='block_1_1' title="bbox 669 86 863 123">
    <p class='ocr_par' dir='ltr' id='par_1_1' title="bbox 669 86 863 123">
     <span class='ocr_line' id='line_1_1' title="bbox 669 86 863 123; baseline 0 0"><span class='ocrx_word' id='word_1_1' title='bbox 669 86 863 123; x_wconf 86' lang='lat' dir='ltr'>VIRGIL</span> 
     </span>
    </p>
   </div>
   <div class='ocr_carea' id='block_1_2' title="bbox 175 161 1364 1937">
    <p class='ocr_par' dir='ltr' id='par_1_2' title="bbox 176 161 1235 211">
     <span class='ocr_line' id='line_1_2' title="bbox 176 161 1235 211; baseline 0.002 -14"><span class='ocrx_word' id='word_1_2' title='bbox 176 163 307 197; x_wconf 82' lang='lat' dir='ltr'>omnia</span> <span class='ocrx_word' id='word_1_3' title='bbox 327 166 413 197; x_wconf 83' lang='lat' dir='ltr'>tuta</span> <span class='ocrx_word' id='word_1_4' title='bbox 433 163 588 199; x_wconf 74' lang='lat' dir='ltr'>timens.</span> <span class='ocrx_word' id='word_1_5' title='bbox 647 161 788 198; x_wconf 84' lang='lat' dir='ltr'>eadem</span> <span class='ocrx_word' id='word_1_6' title='bbox 807 164 926 211; x_wconf 87' lang='lat' dir='ltr'>impia</span> <span class='ocrx_word' id='word_1_7' title='bbox 949 162 1067 199; x_wconf 80' lang='lat' dir='ltr'>Fama</span> <span class='ocrx_word' id='word_1_8' title='bbox 1088 162 1235 200; x_wconf 84' lang='lat' dir='ltr'>furenti</span> 
     </span>
    </p>

    <p class='ocr_par' dir='ltr' id='par_1_3' title="bbox 176 223 1082 273">
     <span class='ocr_line' id='line_1_3' title="bbox 176 223 1082 273; baseline 0.002 -15"><span class='ocrx_word' id='word_1_9' title='bbox 176 223 323 259; x_wconf 84' lang='lat' dir='ltr'>detulit</span> <span class='ocrx_word' id='word_1_10' title='bbox 342 225 483 259; x_wconf 81' lang='lat' dir='ltr'>armari</span> <span class='ocrx_word' id='word_1_11' title='bbox 504 223 667 260; x_wconf 77' lang='lat' dir='ltr'>classem</span> <span class='ocrx_word' id='word_1_12' title='bbox 688 236 923 273; x_wconf 80' lang='lat' dir='ltr'>cursumque</span> <span class='ocrx_word' id='word_1_13' title='bbox 945 227 1082 273; x_wconf 86' lang='lat' dir='ltr'>parari.</span> 
     </span>
    </p>

    <p class='ocr_par' dir='ltr' id='par_1_4' title="bbox 176 286 1358 335">
     <span class='ocr_line' id='line_1_4' title="bbox 176 286 1358 335; baseline 0.003 -16"><span class='ocrx_word' id='word_1_14' title='bbox 176 287 299 321; x_wconf 77' lang='lat' dir='ltr'>saevit</span> <span class='ocrx_word' id='word_1_15' title='bbox 320 287 432 333; x_wconf 89' lang='lat' dir='ltr'>inops</span> <span class='ocrx_word' id='word_1_16' title='bbox 452 286 573 320; x_wconf 89' lang='lat' dir='ltr'>animi</span> <span class='ocrx_word' id='word_1_17' title='bbox 592 289 799 335; x_wconf 82' lang='lat' dir='ltr'>totamque</span> <span class='ocrx_word' id='word_1_18' title='bbox 820 287 981 322; x_wconf 88' lang='lat' dir='ltr'>incensa</span> <span class='ocrx_word' id='word_1_19' title='bbox 1000 299 1072 335; x_wconf 87' lang='lat' dir='ltr'>per</span> <span class='ocrx_word' id='word_1_20' title='bbox 1091 286 1229 322; x_wconf 80' lang='lat' dir='ltr'>urbem</span> <span class='ocrx_word' id='word_1_21' title='bbox 1283 290 1358 322; x_wconf 83' lang='lat'>300</span> 
     </span>
    </p>

    <p class='ocr_par' dir='ltr' id='par_1_5' title="bbox 177 345 1066 395">
     <span class='ocr_line' id='line_1_5' title="bbox 177 345 1066 395; baseline 0.002 -14"><span class='ocrx_word' id='word_1_22' title='bbox 177 345 405 392; x_wconf 85' lang='lat' dir='ltr'>bacchatur,</span> <span class='ocrx_word' id='word_1_23' title='bbox 426 346 551 395; x_wconf 88' lang='lat' dir='ltr'>qualis</span> <span class='ocrx_word' id='word_1_24' title='bbox 573 349 779 384; x_wconf 80' lang='lat' dir='ltr'>commotis</span> <span class='ocrx_word' id='word_1_25' title='bbox 801 349 930 384; x_wconf 86' lang='lat' dir='ltr'>excita</span> <span class='ocrx_word' id='word_1_26' title='bbox 950 351 1066 384; x_wconf 87' lang='lat' dir='ltr'>sacris</span> 
     </span>
    </p>

    <p class='ocr_par' dir='ltr' id='par_1_6' title="bbox 175 407 1359 457">
     <span class='ocr_line' id='line_1_6' title="bbox 175 407 1359 457; baseline 0.002 -14"><span class='ocrx_word' id='word_1_27' title='bbox 175 407 336 457; x_wconf 79' lang='lat' dir='ltr'>Thyias,</span> <span class='ocrx_word' id='word_1_28' title='bbox 353 409 421 444; x_wconf 93' lang='lat' dir='ltr'>ubi</span> <span class='ocrx_word' id='word_1_29' title='bbox 441 408 577 444; x_wconf 84' lang='lat' dir='ltr'>audito</span> <span class='ocrx_word' id='word_1_30' title='bbox 598 409 806 445; x_wconf 82' lang='lat' dir='ltr'>stimulant</span> <span class='ocrx_word' id='word_1_31' title='bbox 826 411 1029 446; x_wconf 76' lang='lat' dir='ltr'>trieterica</span> <span class='ocrx_word' id='word_1_32' title='bbox 1049 409 1204 446; x_wconf 88' lang='lat' dir='ltr'>Baccho</span> <span class='ocrx_word' id='word_1_33' title='bbox 1258 421 1359 445; x_wconf 73' lang='lat' dir='ltr'><strong>AFMP</strong></span> 
     </span>
    </p>

    <p class='ocr_par' dir='ltr' id='par_1_7' title="bbox 176 470 1174 519">
     <span class='ocr_line' id='line_1_7' title="bbox 176 470 1174 519; baseline 0.002 -14"><span class='ocrx_word' id='word_1_34' title='bbox 176 472 285 519; x_wconf 81' lang='lat' dir='ltr'>orgia</span> <span class='ocrx_word' id='word_1_35' title='bbox 305 475 602 519; x_wconf 82' lang='lat' dir='ltr'>nocturnusque</span> <span class='ocrx_word' id='word_1_36' title='bbox 622 475 736 507; x_wconf 85' lang='lat' dir='ltr'>vocat</span> <span class='ocrx_word' id='word_1_37' title='bbox 755 470 927 507; x_wconf 82' lang='lat' dir='ltr'>clamore</span> <span class='ocrx_word' id='word_1_38' title='bbox 948 470 1174 508; x_wconf 81' lang='lat' dir='ltr'>Cithaeron.</span> 
     </span>
    </p>

    <p class='ocr_par' dir='ltr' id='par_1_8' title="bbox 176 531 1358 644">
     <span class='ocr_line' id='line_1_8' title="bbox 176 531 1174 581; baseline 0.002 -14"><span class='ocrx_word' id='word_1_39' title='bbox 176 531 341 568; x_wconf 77' lang='lat' dir='ltr'>tandem</span> <span class='ocrx_word' id='word_1_40' title='bbox 362 531 423 567; x_wconf 81' lang='lat' dir='ltr'>his</span> <span class='ocrx_word' id='word_1_41' title='bbox 444 531 611 568; x_wconf 84' lang='lat' dir='ltr'>Aenean</span> <span class='ocrx_word' id='word_1_42' title='bbox 631 532 847 581; x_wconf 72' lang='lat' dir='ltr'>compellat</span> <span class='ocrx_word' id='word_1_43' title='bbox 868 533 1026 569; x_wconf 79' lang='lat' dir='ltr'>vocibus</span> <span class='ocrx_word' id='word_1_44' title='bbox 1046 533 1174 570; x_wconf 85' lang='lat' dir='ltr'>ultro:</span> 
     </span>
     <span class='ocr_line' id='line_1_9' title="bbox 229 593 1358 644; baseline 0.002 -15"><span class='ocrx_word' id='word_1_45' title='bbox 229 593 525 630; x_wconf 76' lang='lat' dir='ltr'>“Dissimulare</span> <span class='ocrx_word' id='word_1_46' title='bbox 546 596 665 630; x_wconf 78' lang='lat' dir='ltr'>etiam</span> <span class='ocrx_word' id='word_1_47' title='bbox 689 596 868 644; x_wconf 73' lang='lat' dir='ltr'>sperasti,</span> <span class='ocrx_word' id='word_1_48' title='bbox 888 594 1052 643; x_wconf 83' lang='lat' dir='ltr'>perfide,</span> <span class='ocrx_word' id='word_1_49' title='bbox 1072 600 1228 631; x_wconf 80' lang='lat' dir='ltr'>tantum</span> <span class='ocrx_word' id='word_1_50' title='bbox 1285 599 1358 631; x_wconf 80' lang='lat'>305</span> 
     </span>
    </p>

    <p class='ocr_par' dir='ltr' id='par_1_9' title="bbox 177 655 1361 705">
     <span class='ocr_line' id='line_1_10' title="bbox 177 655 1361 705; baseline 0.002 -14"><span class='ocrx_word' id='word_1_51' title='bbox 177 668 290 704; x_wconf 79' lang='lat' dir='ltr'>posse</span> <span class='ocrx_word' id='word_1_52' title='bbox 310 655 419 691; x_wconf 78' lang='lat' dir='ltr'>nefas</span> <span class='ocrx_word' id='word_1_53' title='bbox 440 657 664 705; x_wconf 82' lang='lat' dir='ltr'>tacitusque</span> <span class='ocrx_word' id='word_1_54' title='bbox 684 669 772 692; x_wconf 82' lang='lat' dir='ltr'>mea</span> <span class='ocrx_word' id='word_1_55' title='bbox 794 656 990 692; x_wconf 81' lang='lat' dir='ltr'>decedere</span> <span class='ocrx_word' id='word_1_56' title='bbox 1012 662 1115 692; x_wconf 82' lang='lat' dir='ltr'>terra</span> <span class='ocrx_word' id='word_1_57' title='bbox 1132 658 1146 692; x_wconf 75' lang='grc' dir='ltr'>ἒ·</span> <span class='ocrx_word' id='word_1_58' title='bbox 1286 669 1361 693; x_wconf 81' lang='lat' dir='ltr'>FMP</span> 
     </span>
    </p>

    <p class='ocr_par' dir='ltr' id='par_1_10' title="bbox 178 717 1269 767">
     <span class='ocr_line' id='line_1_11' title="bbox 178 717 1269 767; baseline 0.002 -15"><span class='ocrx_word' id='word_1_59' title='bbox 178 730 251 752; x_wconf 75' lang='lat' dir='ltr'>nce</span> <span class='ocrx_word' id='word_1_60' title='bbox 272 721 312 753; x_wconf 84' lang='lat' dir='ltr'>te</span> <span class='ocrx_word' id='word_1_61' title='bbox 333 722 468 753; x_wconf 81' lang='lat' dir='ltr'>noster</span> <span class='ocrx_word' id='word_1_62' title='bbox 488 730 596 753; x_wconf 81' lang='lat' dir='ltr'>amor</span> <span class='ocrx_word' id='word_1_63' title='bbox 615 730 690 753; x_wconf 91' lang='lat' dir='ltr'>nec</span> <span class='ocrx_word' id='word_1_64' title='bbox 711 722 751 753; x_wconf 87' lang='lat' dir='ltr'>te</span> <span class='ocrx_word' id='word_1_65' title='bbox 772 717 865 753; x_wconf 79' lang='lat' dir='ltr'>data</span> <span class='ocrx_word' id='word_1_66' title='bbox 885 717 1051 754; x_wconf 83' lang='lat' dir='ltr'>dextera</span> <span class='ocrx_word' id='word_1_67' title='bbox 1070 718 1269 767; x_wconf 64' lang='lat' dir='ltr'>quondam</span> 
     </span>
    </p>

    <p class='ocr_par' dir='ltr' id='par_1_11' title="bbox 178 778 1082 816">
     <span class='ocr_line' id='line_1_12' title="bbox 178 778 1082 816; baseline 0.002 -2"><span class='ocrx_word' id='word_1_68' title='bbox 178 791 252 814; x_wconf 89' lang='lat' dir='ltr'>nec</span> <span class='ocrx_word' id='word_1_69' title='bbox 272 781 462 815; x_wconf 87' lang='lat' dir='ltr'>moritura</span> <span class='ocrx_word' id='word_1_70' title='bbox 482 783 596 816; x_wconf 82' lang='lat' dir='ltr'>tenet</span> <span class='ocrx_word' id='word_1_71' title='bbox 615 779 767 815; x_wconf 88' lang='lat' dir='ltr'>crudeli</span> <span class='ocrx_word' id='word_1_72' title='bbox 787 778 926 815; x_wconf 87' lang='lat' dir='ltr'>funere</span> <span class='ocrx_word' id='word_1_73' title='bbox 948 779 1082 816; x_wconf 79' lang='lat' dir='ltr'>Dido?</span> 
     </span>
    </p>

    <p class='ocr_par' dir='ltr' id='par_1_12' title="bbox 178 839 1103 889">
     <span class='ocr_line' id='line_1_13' title="bbox 178 839 1103 889; baseline 0.001 -13"><span class='ocrx_word' id='word_1_74' title='bbox 178 842 273 889; x_wconf 89' lang='lat' dir='ltr'>quin</span> <span class='ocrx_word' id='word_1_75' title='bbox 294 843 415 877; x_wconf 82' lang='lat' dir='ltr'>etiam</span> <span class='ocrx_word' id='word_1_76' title='bbox 438 839 604 876; x_wconf 87' lang='lat' dir='ltr'>hiberno</span> <span class='ocrx_word' id='word_1_77' title='bbox 624 840 771 876; x_wconf 72' lang='lat' dir='ltr'>moliris·</span> <span class='ocrx_word' id='word_1_78' title='bbox 791 841 919 877; x_wconf 86' lang='lat' dir='ltr'>sidere</span> <span class='ocrx_word' id='word_1_79' title='bbox 940 841 1103 877; x_wconf 83' lang='lat' dir='ltr'>classem</span> 
     </span>
    </p>

    <p class='ocr_par' dir='ltr' id='par_1_13' title="bbox 179 902 1361 952">
     <span class='ocr_line' id='line_1_14' title="bbox 179 902 1361 952; baseline 0.002 -15"><span class='ocrx_word' id='word_1_80' title='bbox 179 907 221 938; x_wconf 85' lang='lat' dir='ltr'>et</span> <span class='ocrx_word' id='word_1_81' title='bbox 239 902 382 938; x_wconf 88' lang='lat' dir='ltr'>mediis</span> <span class='ocrx_word' id='word_1_82' title='bbox 401 915 586 951; x_wconf 84' lang='lat' dir='ltr'>properas</span> <span class='ocrx_word' id='word_1_83' title='bbox 608 902 870 951; x_wconf 79' lang='lat' dir='ltr'>Aquilonibus</span> <span class='ocrx_word' id='word_1_84' title='bbox 890 905 947 939; x_wconf 90' lang='lat' dir='ltr'>ire</span> <span class='ocrx_word' id='word_1_85' title='bbox 966 916 1037 952; x_wconf 89' lang='lat' dir='ltr'>per</span> <span class='ocrx_word' id='word_1_86' title='bbox 1057 903 1193 947; x_wconf 82' lang='lat' dir='ltr'>altum,</span> <span class='ocrx_word' id='word_1_87' title='bbox 1286 907 1361 940; x_wconf 84' lang='lat'>310</span> 
     </span>
    </p>

    <p class='ocr_par' dir='ltr' id='par_1_14' title="bbox 179 963 1362 1014">
     <span class='ocr_line' id='line_1_15' title="bbox 179 963 1362 1014; baseline 0.002 -15"><span class='ocrx_word' id='word_1_88' title='bbox 179 963 380 1000; x_wconf 86' lang='lat' dir='ltr'>crudelis?</span> <span class='ocrx_word' id='word_1_89' title='bbox 436 963 532 1013; x_wconf 89' lang='lat' dir='ltr'>quid</span> <span class='ocrx_word' id='word_1_90' title='bbox 549 964 563 999; x_wconf 90' lang='lat'>?</span> <span class='ocrx_word' id='word_1_91' title='bbox 619 966 650 1000; x_wconf 83' lang='lat' dir='ltr'>si</span> <span class='ocrx_word' id='word_1_92' title='bbox 670 977 749 1000; x_wconf 89' lang='lat' dir='ltr'>non</span> <span class='ocrx_word' id='word_1_93' title='bbox 770 977 861 1000; x_wconf 72' lang='lat' dir='ltr'>arva</span> <span class='ocrx_word' id='word_1_94' title='bbox 879 964 1007 1000; x_wconf 86' lang='lat' dir='ltr'>aliena</span> <span class='ocrx_word' id='word_1_95' title='bbox 1027 964 1243 1014; x_wconf 90' lang='lat' dir='ltr'>domosque</span> <span class='ocrx_word' id='word_1_96' title='bbox 1310 977 1362 1001; x_wconf 74' lang='lat' dir='ltr'>MP</span> 
     </span>
    </p>

    <p class='ocr_par' dir='ltr' id='par_1_15' title="bbox 180 1025 1116 1075">
     <span class='ocr_line' id='line_1_16' title="bbox 180 1025 1116 1075; baseline 0.002 -15"><span class='ocrx_word' id='word_1_97' title='bbox 180 1028 335 1074; x_wconf 81' lang='lat' dir='ltr'>ignotas</span> <span class='ocrx_word' id='word_1_98' title='bbox 355 1030 528 1074; x_wconf 82' lang='lat' dir='ltr'>petereS,</span> <span class='ocrx_word' id='word_1_99' title='bbox 546 1029 588 1062; x_wconf 79' lang='lat' dir='ltr'>et</span> <span class='ocrx_word' id='word_1_100' title='bbox 607 1025 722 1061; x_wconf 82' lang='lat' dir='ltr'>Troia</span> <span class='ocrx_word' id='word_1_101' title='bbox 741 1028 905 1075; x_wconf 86' lang='lat' dir='ltr'>antiqua</span> <span class='ocrx_word' id='word_1_102' title='bbox 923 1031 1116 1071; x_wconf 83' lang='lat' dir='ltr'>maneret,</span> 
     </span>
    </p>

    <p class='ocr_par' dir='ltr' id='par_1_16' title="bbox 180 1086 1230 1138">
     <span class='ocr_line' id='line_1_17' title="bbox 180 1086 1230 1138; baseline 0.002 -15"><span class='ocrx_word' id='word_1_103' title='bbox 180 1087 296 1123; x_wconf 77' lang='lat' dir='ltr'>&#39;froia</span> <span class='ocrx_word' id='word_1_104' title='bbox 316 1100 386 1136; x_wconf 88' lang='lat' dir='ltr'>per</span> <span class='ocrx_word' id='word_1_105' title='bbox 406 1086 601 1123; x_wconf 87' lang='lat' dir='ltr'>undosum</span> <span class='ocrx_word' id='word_1_106' title='bbox 621 1092 830 1137; x_wconf 88' lang='lat' dir='ltr'>peteretur</span> <span class='ocrx_word' id='word_1_107' title='bbox 850 1087 1037 1124; x_wconf 83' lang='lat' dir='ltr'>classibus</span> <span class='ocrx_word' id='word_1_108' title='bbox 1057 1089 1230 1138; x_wconf 85' lang='lat' dir='ltr'>aequor?</span> 
     </span>
    </p>

    <p class='ocr_par' dir='ltr' id='par_1_17' title="bbox 180 1148 1361 1199">
     <span class='ocr_line' id='line_1_18' title="bbox 180 1148 1361 1199; baseline 0.003 -15"><span class='ocrx_word' id='word_1_109' title='bbox 180 1162 298 1185; x_wconf 88' lang='lat' dir='ltr'>mene</span> <span class='ocrx_word' id='word_1_110' title='bbox 314 1148 417 1198; x_wconf 81' lang='lat' dir='ltr'>fugis</span> <span class='ocrx_word' id='word_1_111' title='bbox 432 1150 445 1185; x_wconf 86' lang='lat'><strong>?</strong></span> <span class='ocrx_word' id='word_1_112' title='bbox 479 1162 549 1198; x_wconf 88' lang='lat' dir='ltr'>per</span> <span class='ocrx_word' id='word_1_113' title='bbox 562 1162 637 1198; x_wconf 82' lang='lat' dir='ltr'>ego</span> <span class='ocrx_word' id='word_1_114' title='bbox 650 1149 719 1185; x_wconf 87' lang='lat' dir='ltr'>has</span> <span class='ocrx_word' id='word_1_115' title='bbox 733 1149 914 1186; x_wconf 81' lang='lat' dir='ltr'>lacrimas</span> <span class='ocrx_word' id='word_1_116' title='bbox 927 1149 1186 1199; x_wconf 82' lang='lat' dir='ltr'>dextramque</span> <span class='ocrx_word' id='word_1_117' title='bbox 1202 1156 1308 1186; x_wconf 80' lang='lat' dir='ltr'>tuam</span> <span class='ocrx_word' id='word_1_118' title='bbox 1321 1155 1361 1188; x_wconf 67' lang='lat' dir='ltr'>te</span> 
     </span>
    </p>

    <p class='ocr_par' dir='ltr' id='par_1_18' title="bbox 181 1210 1360 1263">
     <span class='ocr_line' id='line_1_19' title="bbox 181 1210 1360 1263; baseline 0.002 -17"><span class='ocrx_word' id='word_1_119' title='bbox 181 1210 356 1261; x_wconf 81' lang='lat' dir='ltr'>(quando</span> <span class='ocrx_word' id='word_1_120' title='bbox 371 1211 479 1247; x_wconf 80' lang='lat' dir='ltr'>aliud</span> <span class='ocrx_word' id='word_1_121' title='bbox 494 1210 589 1246; x_wconf 85' lang='lat' dir='ltr'>mihi</span> <span class='ocrx_word' id='word_1_122' title='bbox 604 1213 681 1247; x_wconf 89' lang='lat' dir='ltr'>iam</span> <span class='ocrx_word' id='word_1_123' title='bbox 697 1213 861 1247; x_wconf 85' lang='lat' dir='ltr'>miserae</span> <span class='ocrx_word' id='word_1_124' title='bbox 875 1211 973 1247; x_wconf 82' lang='lat' dir='ltr'>nihil</span> <span class='ocrx_word' id='word_1_125' title='bbox 990 1214 1073 1260; x_wconf 80' lang='lat' dir='ltr'>ipsa</span> <span class='ocrx_word' id='word_1_126' title='bbox 1089 1211 1260 1263; x_wconf 86' lang='lat' dir='ltr'>reliqui),</span> <span class='ocrx_word' id='word_1_127' title='bbox 1286 1216 1360 1249; x_wconf 84' lang='lat'>315</span> 
     </span>
    </p>

    <p class='ocr_par' dir='ltr' id='par_1_19' title="bbox 182 1272 1170 1322">
     <span class='ocr_line' id='line_1_20' title="bbox 182 1272 1170 1322; baseline 0.001 -14"><span class='ocrx_word' id='word_1_128' title='bbox 182 1285 253 1321; x_wconf 86' lang='lat' dir='ltr'>per</span> <span class='ocrx_word' id='word_1_129' title='bbox 272 1273 439 1308; x_wconf 83' lang='lat' dir='ltr'>conubia</span> <span class='ocrx_word' id='word_1_130' title='bbox 459 1277 606 1317; x_wconf 87' lang='lat' dir='ltr'>nostra,</span> <span class='ocrx_word' id='word_1_131' title='bbox 626 1285 696 1321; x_wconf 93' lang='lat' dir='ltr'>per</span> <span class='ocrx_word' id='word_1_132' title='bbox 716 1275 896 1322; x_wconf 87' lang='lat' dir='ltr'>inceptos</span> <span class='ocrx_word' id='word_1_133' title='bbox 917 1272 1170 1322; x_wconf 71' lang='lat' dir='ltr'>hymenaeos,</span> 
     </span>
    </p>

    <p class='ocr_par' dir='ltr' id='par_1_20' title="bbox 183 1333 1253 1384">
     <span class='ocr_line' id='line_1_21' title="bbox 183 1333 1253 1384; baseline 0.002 -15"><span class='ocrx_word' id='word_1_134' title='bbox 183 1337 214 1370; x_wconf 87' lang='lat' dir='ltr'>si</span> <span class='ocrx_word' id='word_1_135' title='bbox 235 1335 336 1370; x_wconf 89' lang='lat' dir='ltr'>bene</span> <span class='ocrx_word' id='word_1_136' title='bbox 358 1333 453 1383; x_wconf 85' lang='lat' dir='ltr'>quid</span> <span class='ocrx_word' id='word_1_137' title='bbox 473 1333 524 1370; x_wconf 90' lang='lat' dir='ltr'>de</span> <span class='ocrx_word' id='word_1_138' title='bbox 546 1339 586 1370; x_wconf 89' lang='lat' dir='ltr'>te</span> <span class='ocrx_word' id='word_1_139' title='bbox 607 1336 747 1379; x_wconf 87' lang='lat' dir='ltr'>merui,</span> <span class='ocrx_word' id='word_1_140' title='bbox 768 1333 843 1370; x_wconf 82' lang='lat' dir='ltr'>fuit</span> <span class='ocrx_word' id='word_1_141' title='bbox 863 1339 932 1370; x_wconf 78' lang='lat' dir='ltr'>aut</span> <span class='ocrx_word' id='word_1_142' title='bbox 951 1335 1024 1370; x_wconf 86' lang='lat' dir='ltr'>tibi</span> <span class='ocrx_word' id='word_1_143' title='bbox 1044 1337 1253 1384; x_wconf 86' lang='lat' dir='ltr'>quicquam</span> 
     </span>
    </p>

    <p class='ocr_par' dir='ltr' id='par_1_21' title="bbox 182 1395 1232 1442">
     <span class='ocr_line' id='line_1_22' title="bbox 182 1395 1232 1442; baseline 0 -10"><span class='ocrx_word' id='word_1_144' title='bbox 182 1396 298 1432; x_wconf 86' lang='lat' dir='ltr'>dulce</span> <span class='ocrx_word' id='word_1_145' title='bbox 319 1409 466 1441; x_wconf 81' lang='lat' dir='ltr'>meum,</span> <span class='ocrx_word' id='word_1_146' title='bbox 487 1398 673 1432; x_wconf 89' lang='lat' dir='ltr'>miserere</span> <span class='ocrx_word' id='word_1_147' title='bbox 694 1395 833 1432; x_wconf 88' lang='lat' dir='ltr'>domus</span> <span class='ocrx_word' id='word_1_148' title='bbox 854 1395 1024 1432; x_wconf 76' lang='lat' dir='ltr'>labentis</span> <span class='ocrx_word' id='word_1_149' title='bbox 1045 1401 1084 1432; x_wconf 87' lang='lat' dir='ltr'>et</span> <span class='ocrx_word' id='word_1_150' title='bbox 1105 1399 1232 1442; x_wconf 72' lang='lat' dir='ltr'>istam,</span> 
     </span>
    </p>

    <p class='ocr_par' dir='ltr' id='par_1_22' title="bbox 183 1457 1243 1507">
     <span class='ocr_line' id='line_1_23' title="bbox 183 1457 1243 1507; baseline 0.001 -14"><span class='ocrx_word' id='word_1_151' title='bbox 183 1471 263 1502; x_wconf 90' lang='lat' dir='ltr'>oro,</span> <span class='ocrx_word' id='word_1_152' title='bbox 285 1460 314 1494; x_wconf 86' lang='lat' dir='ltr'>si</span> <span class='ocrx_word' id='word_1_153' title='bbox 336 1460 421 1507; x_wconf 83' lang='lat' dir='ltr'>quis</span> <span class='ocrx_word' id='word_1_154' title='bbox 442 1457 572 1494; x_wconf 83' lang='lat' dir='ltr'>adhuc</span> <span class='ocrx_word' id='word_1_155' title='bbox 593 1458 773 1507; x_wconf 84' lang='lat' dir='ltr'>precibus</span> <span class='ocrx_word' id='word_1_156' title='bbox 793 1457 915 1503; x_wconf 88' lang='lat' dir='ltr'>locus,</span> <span class='ocrx_word' id='word_1_157' title='bbox 934 1471 1034 1494; x_wconf 85' lang='lat' dir='ltr'>exue</span> <span class='ocrx_word' id='word_1_158' title='bbox 1055 1463 1243 1494; x_wconf 83' lang='lat' dir='ltr'>mentem.</span> 
     </span>
    </p>

    <p class='ocr_par' dir='ltr' id='par_1_23' title="bbox 182 1518 1363 1569">
     <span class='ocr_line' id='line_1_24' title="bbox 182 1518 1363 1569; baseline 0 -13"><span class='ocrx_word' id='word_1_159' title='bbox 182 1525 224 1556; x_wconf 80' lang='lat' dir='ltr'>te</span> <span class='ocrx_word' id='word_1_160' title='bbox 245 1524 407 1568; x_wconf 81' lang='lat' dir='ltr'>propter</span> <span class='ocrx_word' id='word_1_161' title='bbox 428 1518 600 1568; x_wconf 77' lang='lat' dir='ltr'>Libycae</span> <span class='ocrx_word' id='word_1_162' title='bbox 620 1523 764 1567; x_wconf 83' lang='lat' dir='ltr'>gentes</span> <span class='ocrx_word' id='word_1_163' title='bbox 782 1518 1085 1569; x_wconf 83' lang='lat' dir='ltr'>Nomadumque</span> <span class='ocrx_word' id='word_1_164' title='bbox 1101 1523 1258 1568; x_wconf 66' lang='lat' dir='ltr'>tyranni</span> <span class='ocrx_word' id='word_1_165' title='bbox 1288 1524 1363 1557; x_wconf 69' lang='lat'>320</span> 
     </span>
    </p>

    <p class='ocr_par' dir='ltr' id='par_1_24' title="bbox 184 1580 1081 1630">
     <span class='ocr_line' id='line_1_25' title="bbox 184 1580 1081 1630; baseline 0 -13"><span class='ocrx_word' id='word_1_166' title='bbox 184 1581 318 1626; x_wconf 88' lang='lat' dir='ltr'>odere,</span> <span class='ocrx_word' id='word_1_167' title='bbox 336 1580 482 1616; x_wconf 78' lang='lat' dir='ltr'>infensi</span> <span class='ocrx_word' id='word_1_168' title='bbox 503 1580 634 1630; x_wconf 68' lang='lat' dir='ltr'>Tyrii3</span> <span class='ocrx_word' id='word_1_169' title='bbox 662 1586 703 1617; x_wconf 85' lang='lat' dir='ltr'>te</span> <span class='ocrx_word' id='word_1_170' title='bbox 726 1586 889 1630; x_wconf 69' lang='lat' dir='ltr'>propter</span> <span class='ocrx_word' id='word_1_171' title='bbox 909 1581 1081 1617; x_wconf 80' lang='lat' dir='ltr'>eundem</span> 
     </span>
    </p>

    <p class='ocr_par' dir='ltr' id='par_1_25' title="bbox 184 1641 1154 1691">
     <span class='ocr_line' id='line_1_26' title="bbox 184 1641 1154 1691; baseline 0.001 -13"><span class='ocrx_word' id='word_1_172' title='bbox 184 1645 404 1679; x_wconf 73' lang='lat' dir='ltr'>exstinctus</span> <span class='ocrx_word' id='word_1_173' title='bbox 423 1641 549 1691; x_wconf 86' lang='lat' dir='ltr'>pudor</span> <span class='ocrx_word' id='word_1_174' title='bbox 568 1647 623 1687; x_wconf 83' lang='lat' dir='ltr'>et,</span> <span class='ocrx_word' id='word_1_175' title='bbox 642 1655 717 1691; x_wconf 83' lang='lat' dir='ltr'>qua</span> <span class='ocrx_word' id='word_1_176' title='bbox 737 1642 818 1678; x_wconf 82' lang='lat' dir='ltr'>sola</span> <span class='ocrx_word' id='word_1_177' title='bbox 837 1642 966 1679; x_wconf 84' lang='lat' dir='ltr'>sidera</span> <span class='ocrx_word' id='word_1_178' title='bbox 983 1642 1154 1688; x_wconf 82' lang='lat' dir='ltr'>adibam,</span> 
     </span>
    </p>

    <p class='ocr_par' dir='ltr' id='par_1_26' title="bbox 185 1703 1312 1754">
     <span class='ocr_line' id='line_1_27' title="bbox 185 1703 1312 1754; baseline 0.003 -15"><span class='ocrx_word' id='word_1_179' title='bbox 185 1704 286 1739; x_wconf 81' lang='lat' dir='ltr'>fama</span> <span class='ocrx_word' id='word_1_180' title='bbox 309 1706 424 1752; x_wconf 87' lang='lat' dir='ltr'>prior.</span> <span class='ocrx_word' id='word_1_181' title='bbox 482 1706 543 1740; x_wconf 90' lang='lat' dir='ltr'>cui</span> <span class='ocrx_word' id='word_1_182' title='bbox 563 1717 627 1740; x_wconf 87' lang='lat' dir='ltr'>me</span> <span class='ocrx_word' id='word_1_183' title='bbox 644 1704 923 1749; x_wconf 72' lang='lat' dir='ltr'>moribundam</span> <span class='ocrx_word' id='word_1_184' title='bbox 943 1703 1104 1750; x_wconf 87' lang='lat' dir='ltr'>deseris,</span> <span class='ocrx_word' id='word_1_185' title='bbox 1127 1705 1281 1754; x_wconf 86' lang='lat' dir='ltr'>hospes,</span> <span class='ocrx_word' id='word_1_186' title='bbox 1293 1719 1312 1735; x_wconf 50' lang='grc' dir='ltr'>τ’</span> 
     </span>
    </p>

    <p class='ocr_par' dir='ltr' id='par_1_27' title="bbox 186 1765 1206 1815">
     <span class='ocr_line' id='line_1_28' title="bbox 186 1765 1206 1815; baseline 0.003 -15"><span class='ocrx_word' id='word_1_187' title='bbox 186 1765 260 1801; x_wconf 88' lang='lat' dir='ltr'>hoc</span> <span class='ocrx_word' id='word_1_188' title='bbox 279 1765 401 1801; x_wconf 88' lang='lat' dir='ltr'>solum</span> <span class='ocrx_word' id='word_1_189' title='bbox 423 1778 570 1802; x_wconf 86' lang='lat' dir='ltr'>nomen</span> <span class='ocrx_word' id='word_1_190' title='bbox 590 1767 775 1814; x_wconf 86' lang='lat' dir='ltr'>quoniam</span> <span class='ocrx_word' id='word_1_191' title='bbox 795 1765 845 1802; x_wconf 92' lang='lat' dir='ltr'>de</span> <span class='ocrx_word' id='word_1_192' title='bbox 865 1768 1033 1815; x_wconf 83' lang='lat' dir='ltr'>coniuge</span> <span class='ocrx_word' id='word_1_193' title='bbox 1055 1768 1206 1803; x_wconf 81' lang='lat' dir='ltr'>restat?</span> 
     </span>
    </p>

    <p class='ocr_par' dir='ltr' id='par_1_28' title="bbox 186 1819 1356 1876">
     <span class='ocr_line' id='line_1_29' title="bbox 186 1819 1356 1876; baseline 0.003 -14"><span class='ocrx_word' id='word_1_194' title='bbox 186 1826 279 1876; x_wconf 89' lang='lat' dir='ltr'>quid</span> <span class='ocrx_word' id='word_1_195' title='bbox 300 1840 428 1862; x_wconf 79' lang='lat' dir='ltr'>moror</span> <span class='ocrx_word' id='word_1_196' title='bbox 445 1828 459 1863; x_wconf 84' lang='lat'>?</span> <span class='ocrx_word' id='word_1_197' title='bbox 491 1819 495 1822; x_wconf 49' lang='grc'><strong>’</strong></span> <span class='ocrx_word' id='word_1_198' title='bbox 513 1840 563 1862; x_wconf 87' lang='lat' dir='ltr'>an</span> <span class='ocrx_word' id='word_1_199' title='bbox 583 1840 671 1863; x_wconf 82' lang='lat' dir='ltr'>mea</span> <span class='ocrx_word' id='word_1_200' title='bbox 693 1826 923 1876; x_wconf 67' lang='lat' dir='ltr'>Pygmalion</span> <span class='ocrx_word' id='word_1_201' title='bbox 944 1827 1039 1864; x_wconf 89' lang='lat' dir='ltr'>dum</span> <span class='ocrx_word' id='word_1_202' title='bbox 1059 1831 1215 1865; x_wconf 85' lang='lat' dir='ltr'>moenia</span> <span class='ocrx_word' id='word_1_203' title='bbox 1234 1828 1356 1866; x_wconf 81' lang='lat' dir='ltr'>frater</span> 
     </span>
    </p>

    <p class='ocr_par' dir='ltr' id='par_1_29' title="bbox 186 1888 1364 1937">
     <span class='ocr_line' id='line_1_30' title="bbox 186 1888 1364 1937; baseline 0.002 -12"><span class='ocrx_word' id='word_1_204' title='bbox 186 1888 365 1925; x_wconf 78' lang='lat' dir='ltr'>destruat</span> <span class='ocrx_word' id='word_1_205' title='bbox 385 1893 453 1925; x_wconf 82' lang='lat' dir='ltr'>aut</span> <span class='ocrx_word' id='word_1_206' title='bbox 473 1894 630 1937; x_wconf 81' lang='lat' dir='ltr'>captam</span> <span class='ocrx_word' id='word_1_207' title='bbox 649 1889 769 1925; x_wconf 79' lang='lat' dir='ltr'>ducat</span> <span class='ocrx_word' id='word_1_208' title='bbox 791 1888 984 1926; x_wconf 83' lang='lat' dir='ltr'>Gaetulus</span> <span class='ocrx_word' id='word_1_209' title='bbox 1005 1889 1136 1926; x_wconf 76' lang='lat' dir='ltr'>Iarbas</span> <span class='ocrx_word' id='word_1_210' title='bbox 1153 1892 1168 1926; x_wconf 85' lang='lat'>?</span> <span class='ocrx_word' id='word_1_211' title='bbox 1289 1889 1364 1927; x_wconf 70' lang='grc'>326</span> 
     </span>
    </p>
   </div>
   <div class='ocr_carea' id='block_1_3' title="bbox 359 1955 1191 2032">
    <p class='ocr_par' dir='ltr' id='par_1_30' title="bbox 359 1955 1191 2032">
     <span class='ocr_line' id='line_1_31' title="bbox 359 1955 1191 1998; baseline 0.006 -11"><span class='ocrx_word' id='word_1_212' title='bbox 359 1957 403 1975; x_wconf 72' lang='lat'>³⁰⁹</span> <span class='ocrx_word' id='word_1_213' title='bbox 427 1958 539 1989; x_wconf 77' lang='lat' dir='ltr'>moliri</span> <span class='ocrx_word' id='word_1_214' title='bbox 557 1958 624 1989; x_wconf 83' lang='lat' dir='ltr'>FP.</span> <span class='ocrx_word' id='word_1_215' title='bbox 924 1955 972 1976; x_wconf 81' lang='lat'>³¹²</span> <span class='ocrx_word' id='word_1_216' title='bbox 997 1959 1044 1998; x_wconf 73' lang='lat' dir='ltr'>et]</span> <span class='ocrx_word' id='word_1_217' title='bbox 1060 1959 1118 1991; x_wconf 81' lang='lat' dir='ltr'>sed</span> <span class='ocrx_word' id='word_1_218' title='bbox 1134 1957 1191 1992; x_wconf 68' lang='lat' dir='ltr'>Pl.</span> 
     </span>
     <span class='ocr_line' id='line_1_32' title="bbox 359 1998 814 2032; baseline 0.004 -2"><span class='ocrx_word' id='word_1_219' title='bbox 359 1998 405 2019; x_wconf 74' lang='lat'>³²³</span> <span class='ocrx_word' id='word_1_220' title='bbox 431 2001 629 2032; x_wconf 84' lang='lat' dir='ltr'>morituram</span> <span class='ocrx_word' id='word_1_221' title='bbox 647 2001 814 2032; x_wconf 77' lang='lat' dir='ltr'>Priscian.</span> 
     </span>
    </p>
   </div>
   <div class='ocr_carea' id='block_1_4' title="bbox 189 2043 266 2080">
    <p class='ocr_par' dir='ltr' id='par_1_31' title="bbox 189 2043 266 2080">
     <span class='ocr_line' id='line_1_33' title="bbox 189 2043 266 2080; baseline 0 0"><span class='ocrx_word' id='word_1_222' title='bbox 189 2043 266 2080; x_wconf 79' lang='lat'>416</span> 
     </span>
    </p>
   </div>
  </div>
 </body>
</html>
