1430 2335
639 79 831 116 VIRGIL

146 160 256 196 laeva
275 159 349 196 tibi
369 158 488 195 tellus
508 163 550 195 et
568 157 688 207 longo
707 158 817 194 laeva
838 162 1026 207 petantur

145 225 316 262 aequora
335 215 526 256 circuitu;
555 211 741 248 dextrum
761 211 856 261 fuge
876 211 969 248 litus
989 216 1031 248 et
1051 211 1187 251 undaS.

146 266 243 303 haec
264 266 348 302 loca
367 268 403 302 vi
424 265 623 315 quondam
643 270 686 302 et
704 269 813 301 vasta
833 264 1015 301 convolsa
1033 267 1146 301 ruina

146 322 320 367 (tantum
340 322 426 356 aevi
446 319 663 368 longinqua
682 318 789 355 valet
807 323 960 355 mutare
982 321 1173 367 vetustas)
1247 319 1321 356 415

145 373 359 410 dissiluisse
379 373 528 418 ferunt,
549 385 637 408 cum
657 374 837 421 protinus
856 377 1023 421 utraque
1044 372 1163 409 tellus

146 440 224 463 una
243 426 370 470 foret3
404 429 515 463 venit
534 425 666 462 medio
687 428 722 461 vi
738 430 884 474 pontus
905 431 947 462 et
966 425 1082 462 undis

147 481 390 529 Hesperium
410 479 542 516 Siculo
560 479 664 516 latus
684 479 865 524 abscidit,
884 492 1053 528 arvaque
1075 484 1117 516 et
1137 480 1253 516 urbes

146 534 261 570 litore
281 533 464 570 diductas
485 538 654 582 angusto
674 532 857 569 interluit
877 538 1000 569 aestu.

145 588 329 624 dextrum
344 586 474 636 Scylla
486 586 601 631 latus,
614 586 770 623 laevum
786 585 994 635 implacata
1010 585 1227 635 Charybdis
1248 586 1323 624 420

145 641 314 686 obsidet,
334 646 454 690 atque
474 643 553 676 imo
573 639 746 676 barathri
766 645 828 677 ter
849 643 1007 689 gurgite
1030 645 1158 676 vastos

145 695 279 731 sorbet
298 697 338 730 in
359 695 572 742 abruptum
592 693 732 730 fluctus
752 706 963 743 rursusque
984 694 1056 730 sub
1076 706 1187 730 auras

145 751 264 796 erigit
279 747 467 793 alternos,
487 752 529 784 et
548 747 677 784 sidera
698 748 880 783 verberat
900 747 1014 783 unda.

145 807 186 838 at
205 801 378 850 Scyllam
398 804 523 838 caecis
543 800 704 837 cohibet
724 800 912 849 spelunca
931 800 1093 837 latebris

145 868 211 891 ora
231 860 500 891 exsertantem
521 860 563 891 et
582 857 691 891 navis
711 856 751 890 in
772 867 862 890 saxa
882 854 1121 891 trahentem.
1245 855 1319 892 425

145 911 270 957 prima
289 908 458 944 hominis
478 907 597 944 facies
618 913 659 944 et
679 907 844 956 pulchro
864 913 1024 956 pectore
1046 911 1154 956 virgo

145 962 250 1011 pube
270 967 400 1007 tenus,
420 967 619 1010 postrema
639 963 801 997 immani
820 974 981 1010 corpore
1001 964 1154 1010 pistrix,

144 1015 380 1064 delphinum
400 1015 542 1051 caudas
563 1020 677 1051 utero
699 1018 906 1051 commissa
927 1015 1120 1063 luporum.

143 1074 320 1118 praestat
339 1068 529 1105 Trinacrii
550 1073 678 1105 metas
694 1068 861 1105 lustrare
886 1068 1057 1118 Pachyni

144 1128 380 1168 cessantem,
400 1122 538 1171 longos
560 1128 602 1158 et
622 1121 930 1158 circumflectere
952 1135 1096 1167 cursus,
1244 1123 1320 1160 430

143 1189 261 1225 quam
281 1176 403 1212 semel
424 1176 633 1212 informem
655 1180 764 1212 vasto
783 1175 927 1212 vidisse
947 1176 1019 1212 sub
1039 1181 1153 1212 antro

144 1229 314 1279 Scyllam
337 1235 378 1266 et
397 1229 588 1266 caeruleis
607 1229 768 1265 canibus
788 1231 1013 1266 resonantia
1032 1242 1132 1267 saxa.

143 1288 362 1332 praeterea,
383 1286 414 1319 si
434 1296 511 1332 qua
531 1287 591 1319 est
614 1282 774 1320 Heleno
794 1282 1019 1331 prudentia,
1040 1285 1119 1319 vati

142 1340 173 1373 si
195 1349 271 1386 qua
292 1336 402 1381 fides,
422 1339 598 1372 animum
619 1339 649 1372 si
670 1338 771 1373 veris
790 1335 933 1385 implet
952 1336 1109 1385 Apollo,

143 1403 265 1426 unum
285 1390 383 1426 illud
404 1391 491 1435 tibi,
510 1395 603 1426 nate
623 1389 710 1434 dea,
731 1402 880 1439 proque
901 1390 1081 1427 omnibus
1104 1403 1225 1427 unum
1246 1391 1321 1429 435

144 1443 366 1492 praedicam
388 1448 430 1480 et
449 1448 636 1492 repetens
652 1446 877 1493 iterumque
891 1446 1114 1492 iterumque
1130 1445 1320 1481 monebo:

144 1497 305 1533 Iunonis
325 1510 492 1545 magnae
514 1500 684 1546 primum
704 1510 822 1546 prece
842 1510 992 1533 numen
1011 1497 1144 1543 adora,

143 1551 285 1587 Iunoni
306 1563 402 1587 cane
425 1555 513 1587 vota
534 1550 661 1587 libens
681 1550 961 1600 dominamque
982 1556 1191 1600 potentem

141 1604 383 1653 supplicibus
405 1617 546 1653 supera
566 1604 679 1640 donis
696 1617 703 1640 ε
733 1607 787 1640 sic
807 1604 981 1654 denique
1002 1607 1126 1642 victor

141 1657 341 1693 Trinacria
362 1657 448 1693 finis
471 1657 591 1694 Italos
610 1660 772 1694 mittere
792 1657 940 1694 relicta.
1245 1659 1320 1698 440

141 1710 217 1746 huc
237 1711 303 1747 ubi
325 1710 480 1747 delatus
501 1711 713 1748 Cumaeam
733 1713 942 1747 accesseris
962 1712 1101 1748 urbem

139 1764 372 1813 divinosque
393 1764 499 1801 lacus
520 1769 562 1801 et
582 1765 742 1801 Averna
761 1767 941 1802 sonantia
960 1764 1078 1811 silvis,

268 1866 310 1884 ⁴¹⁰
334 1865 501 1897 deductas
519 1865 572 1898 M.

267 1908 310 1927 ⁴²¹
335 1914 434 1939 vasto
450 1909 506 1947 Pl,
526 1910 670 1946 Servius,
691 1910 745 1941 but
761 1911 879 1941 vastos
895 1911 931 1941 in
947 1913 1017 1942 note
1033 1920 1073 1942 on
1090 1918 1113 1943 1.
1133 1911 1204 1945 117.

269 1952 311 1969 ⁴⁴⁰
335 1952 490 1991 mittere]
507 1952 627 1984 misere
645 1952 687 1984 Pl
700 1962 711 1984 .·
736 1953 877 1984 miscere
894 1952 989 1993 P²7¹.

138 2035 210 2073 376
