1430 2335
655 82 847 120 VIRGIL

161 159 248 194 illae
268 161 456 194 continuo
477 157 599 194 saltus
623 157 818 208 silvasque
838 163 1053 208 peragrant

160 223 453 260 purpureosque
473 216 634 247 metunt
655 210 767 247 flores
789 216 831 248 et
849 211 1010 247 flumina
1029 211 1156 248 libant

161 277 310 300 summa
330 264 447 300 leves.
490 264 582 300 hinc
603 266 735 300 nescio
755 278 830 314 qua
850 264 1065 301 dulcedine
1085 265 1214 303 laetae
1284 268 1331 301 55

161 319 392 367 progeniem
411 316 603 366 nidosque
623 317 772 362 fovent,
793 317 885 354 hinc
904 322 989 353 arte
1009 320 1180 355 recentis

161 370 365 406 excudunt
384 382 491 407 ceras
511 376 553 407 et
572 370 691 406 mella
708 373 864 407 tenacia
882 370 1050 420 fingunt.

162 423 254 459 hinc
275 423 341 459 ubi
360 425 436 459 iam
457 426 642 459 emissum
663 426 792 459 caveis
812 424 862 459 ad
883 424 1012 459 sidera
1031 423 1130 461 caeli

161 489 255 512 nare
275 489 346 526 per
365 481 560 513 aestatem
579 476 768 525 liquidam
791 479 1010 525 suspexeris
1030 489 1175 526 agmen

160 530 447 578 obscuramque
468 529 571 565 trahi
591 534 712 565 vento
732 530 925 566 mirabere
945 530 1107 575 nubem,
1283 528 1333 567 60

162 583 474 632 contemplator:
504 595 625 632 aquas
645 583 770 619 dulcis
792 588 833 618 et
852 582 1018 619 frondea
1037 596 1193 632 semper

162 641 268 673 tecta
288 640 444 684 petunt.
486 635 564 672 huc
584 641 628 671 tu
648 638 770 671 iussos
789 636 985 685 adsperge
1006 649 1176 685 sapores,

162 692 257 725 trita
276 688 529 738 melisphylla
549 693 591 725 et
611 688 817 724 cerinthae
838 689 1013 738 ignobile
1034 702 1211 738 gramen,

161 745 411 791 tinnitusque
431 744 490 778 cie
511 747 553 778 et
574 741 714 778 Matris
734 746 853 791 quate
874 741 1053 792 cymbala
1074 744 1246 780 circum:

162 799 269 844 ipsae
291 795 499 831 consident
518 795 726 831 medicatis
745 794 916 841 sedibus,
938 797 1045 843 ipsae
1284 795 1333 832 65

162 852 302 885 intima
321 861 430 885 more
450 861 518 884 suo
538 861 623 885 sese
643 851 684 884 in
705 848 900 883 cunabula
919 848 1104 885 condent.

217 901 286 938 Sin
305 907 439 938 autem
459 901 508 937 ad
528 915 702 950 pugnam
723 903 1038 937 exierint—nam
1054 914 1171 952 saepe
1184 902 1335 939 duobus

163 957 322 1005 regibus
341 957 501 991 incessit
521 968 664 1003 magno
684 954 877 990 discordia
896 960 1029 998 motu3

163 1011 430 1057 continuoque
450 1010 601 1044 animos
620 1008 724 1055 volgi
745 1012 785 1043 et
805 1007 1045 1056 trepidantia
1065 1009 1169 1045 bello

164 1062 280 1098 corda
300 1062 393 1098 licet
414 1061 532 1109 longe
553 1063 813 1110 praesciscere
829 1073 838 1104 3
867 1074 1035 1110 namque
1056 1065 1244 1098 morantis
1287 1064 1337 1101 70

166 1116 331 1151 Martius
350 1115 418 1151 ille
438 1116 536 1151 aeris
555 1116 660 1150 rauci
681 1127 798 1149 canor
817 1116 997 1162 increpat
1017 1120 1059 1151 et
1078 1128 1152 1151 vox

164 1168 322 1205 auditur
342 1168 486 1204 fractos
506 1170 656 1204 sonitus
676 1169 830 1203 imitata
849 1168 1056 1211 tubarum3

164 1227 250 1258 tum
269 1220 449 1270 trepidae
469 1222 575 1257 inter
595 1233 635 1256 se
656 1225 801 1256 coeunt
821 1222 1032 1269 pinnisque
1053 1227 1259 1258 coruscant

164 1275 393 1324 spiculaque
413 1279 610 1310 exacuunt
629 1276 763 1310 rostris
782 1278 1000 1322 aptantque
1020 1274 1189 1311 lacertos

166 1334 207 1364 et
226 1330 327 1363 circa
346 1340 483 1376 regem
503 1331 623 1376 atque
642 1329 728 1375 ipsa
747 1326 797 1362 ad
817 1329 1014 1375 praetoria
1033 1327 1180 1364 densae
1289 1330 1337 1367 75

165 1384 382 1418 miscentur
402 1382 634 1429 magnisque
655 1384 797 1415 vocant
817 1380 1050 1416 clamoribus
1070 1380 1249 1417 hostem:

166 1448 259 1483 ergo
281 1434 346 1469 ubi
367 1446 435 1469 ver
454 1438 592 1469 nactae
613 1432 753 1469 sudum
773 1445 1008 1482 camposque
1028 1437 1216 1482 patentis,

166 1492 380 1535 erumpunt
399 1489 544 1535 portis:
576 1488 832 1529 concurritur,
853 1485 1016 1522 aethere
1035 1490 1077 1523 in
1096 1487 1176 1524 alto

166 1541 209 1576 fit
229 1543 393 1582 sonitus,
415 1552 601 1587 magnum
623 1542 770 1575 mixtae
791 1539 1062 1588 glomerantur
1080 1542 1121 1576 in
1142 1541 1277 1577 orbem

164 1596 479 1648 praecipitesque
500 1593 668 1636 cadunt3
699 1605 778 1629 non
798 1592 955 1629 densior
973 1597 1062 1629 ae're
1083 1594 1246 1642 grandO,
1292 1598 1340 1631 80

378 1671 404 1689 ⁵⁷
430 1672 617 1703 excludunt
632 1669 671 1702 P.
959 1670 987 1689 ⁵⁸
1012 1672 1064 1702 hic
1081 1671 1117 1703 P.

210 1789 221 1807 ¹
245 1790 294 1821 ile.
316 1790 481 1828 referring
499 1792 534 1821 to
551 1790 609 1820 the
631 1789 777 1829 worship
794 1789 830 1820 of
847 1788 985 1828 Cybele,
997 1789 1108 1820 which
1124 1800 1192 1821 was
1211 1801 1340 1823 accom-

167 1832 289 1872 panied
301 1832 345 1871 by
357 1833 414 1862 the
431 1832 524 1863 clash
541 1833 576 1863 of
590 1832 752 1871 cymbals.

211 1873 223 1891 ’Ζ
247 1875 316 1905 The
331 1878 490 1905 sentence
505 1875 692 1913 beginning
707 1875 759 1905 sin
775 1878 880 1904 autem
896 1898 903 1904 .
925 1897 931 1904 .
954 1897 962 1905 .
982 1874 1010 1905 is
1028 1884 1129 1906 never
1141 1876 1339 1916 coneluded,

167 1918 228 1947 but
240 1917 298 1948 the
307 1917 519 1954 parenthesis
530 1917 718 1956 beginning
729 1917 810 1947 with
821 1927 898 1947 nam
911 1926 1001 1956 saepe
1017 1927 1128 1956 pasees
1144 1919 1218 1951 into
1231 1929 1250 1950 a
1260 1919 1340 1960 long

167 1960 375 1999 description
390 1960 425 1990 of
440 1960 497 1989 the
514 1960 631 1990 battle.

169 2018 244 2049 QUO
