1430 2335
650 96 843 134 VIRGIL

157 186 233 224 quo
252 175 376 223 magis
397 173 612 210 exhaustae
633 172 795 217 fuerint,
814 172 890 210 hoc
908 175 1033 209 acrius
1053 185 1189 210 omnes

158 227 391 263 incumbent
409 229 566 275 generis
586 227 684 275 lapsi
704 229 844 262 sarcire
865 229 992 263 ruinas

161 280 497 329 complebuntque
518 279 621 315 foros
642 284 684 315 et
702 279 858 316 floribus
878 279 1017 316 horrea
1037 284 1188 315 texent.
1258 281 1333 314 250

215 332 255 368 Si
276 345 380 376 ver0,
400 335 584 382 quoniam
604 345 712 368 casus
731 332 869 381 apibus
889 345 1043 382 quoque
1064 337 1216 368 nostros

160 387 242 421 vita
260 385 366 429 tulit,
387 387 491 421 tristi
512 385 760 434 languebunt
781 398 942 434 corpora
961 385 1152 422 morbo-

164 437 269 488 quod
289 440 366 474 iam
386 451 464 473 non
485 437 615 474 dubiis
635 441 783 487 poteris
805 450 1040 487 cognoscere
1061 441 1182 485 signis
1200 451 1208 475 ε

165 493 352 527 continuo
372 496 432 527 est
450 493 578 540 aegris
597 491 694 527 alius
715 491 844 535 color;
871 491 1029 527 horrida
1048 491 1198 527 voltum

165 543 363 580 deformat
381 546 523 580 macies
539 558 550 591 3
577 549 661 580 tum
683 557 845 593 corpora
863 544 950 580 luce
971 549 1174 581 carentum
1263 547 1338 580 255

168 601 382 646 exportant
400 600 518 633 tectis
538 602 580 633 et
598 600 725 634 tristia
745 597 883 633 funera
902 597 1079 641 ducunt;

168 656 238 686 aut
257 651 346 686 illae
366 649 534 699 pedibus
554 663 725 687 conexae
744 650 795 685 ad
817 650 952 686 limina
971 651 1165 699 pendent,

169 708 238 740 aut
257 705 364 740 intus
383 703 522 739 clausis
542 708 777 740 cunctantur
796 705 836 739 in
855 703 1020 740 aedibus
1038 717 1174 741 omnes

171 760 415 806 ignavaeque
437 755 539 793 fame
561 762 603 793 et
623 761 827 792 contracto
849 756 995 806 frigore
1014 759 1163 806 pigrae.

172 816 256 846 tum
278 822 394 846 sonus
413 809 574 846 auditur
586 812 751 859 gravior,
769 812 1006 858 tractimque
1027 817 1241 856 susurrant,
1268 809 1342 846 ‘260

172 863 339 912 frigidus
359 867 404 899 ut
424 862 622 912 quondam
644 863 749 898 silvis
770 865 1044 899 immurmurat
1063 864 1221 908 Auster,

173 921 217 951 ut
238 929 345 952 mare
367 915 578 952 sollicitum
600 915 734 952 stridit
754 916 1011 952 refluentibus
1031 916 1160 961 undis,

173 974 329 1005 aestuat
348 974 393 1005 ut
412 968 551 1004 clausis
572 968 731 1017 rapidus
751 968 972 1004 fornacibus
992 971 1105 1017 ignis.

173 1022 238 1058 hic
257 1024 333 1058 iam
353 1021 566 1071 galbaneos
584 1022 758 1058 suadebo
775 1021 990 1058 incendere
1009 1022 1148 1060 odores

174 1075 371 1125 mellaque
391 1075 646 1112 harundineis
660 1075 808 1112 inferre
827 1074 1041 1120 canalibus,
1060 1075 1164 1112 ultro
1274 1075 1348 1113 265

176 1129 404 1165 hortantem
425 1134 467 1165 et
486 1128 607 1165 fessas
626 1129 674 1164 ad
695 1129 839 1178 pabula
857 1133 953 1164 nota
970 1135 1188 1167 vocantem.

176 1182 353 1232 proderit
372 1187 414 1219 et
432 1188 593 1218 tunsum
613 1181 741 1231 gallae
760 1182 979 1218 admiscere
999 1194 1177 1231 saporem

177 1239 406 1284 arentisque
426 1248 544 1277 rosas,
564 1241 634 1271 aut
652 1238 736 1284 igni
755 1238 917 1284 pinguia
935 1235 1062 1271 multo

178 1289 337 1325 defruta
356 1288 419 1325 vel
438 1289 584 1337 psithia
604 1301 735 1337 passos
754 1289 805 1325 de
824 1291 905 1325 vite
924 1301 1111 1333 racemos,

180 1342 493 1391 Cecropiumque
512 1342 695 1391 thymum
715 1346 758 1378 et
783 1355 900 1390 grave
920 1342 1069 1378 olentia
1089 1348 1313 1380 centaurea.

179 1401 242 1432 est
259 1398 381 1432 etiam
400 1395 468 1431 flos
488 1398 527 1431 in
547 1398 684 1444 pratis,
703 1398 764 1431 cui
780 1407 924 1431 nomen
942 1396 1088 1431 amello
1275 1398 1346 1434 271

181 1450 312 1486 fecere
332 1449 542 1498 agricolae,
562 1448 686 1484 facilis
707 1449 989 1497 quaerentibus
1010 1448 1153 1492 herba;

180 1515 350 1551 namque
369 1515 449 1538 uno
467 1505 673 1550 ingentem
693 1501 800 1538 tollit
818 1502 868 1538 de
888 1504 1062 1550 caespite
1081 1503 1230 1549 silvam,

180 1569 320 1592 aureus
339 1558 436 1604 ipse,
456 1556 525 1592 sed
546 1558 586 1591 in
606 1554 722 1600 foliis,
741 1568 841 1604 quae
862 1555 1029 1604 plurima
1047 1558 1194 1592 circum

182 1609 417 1652 funduntur,
437 1608 561 1644 violae
581 1608 763 1644 sublucet
782 1621 953 1657 purpura
971 1611 1131 1656 nigrae3
1278 1611 1352 1648 275

183 1675 299 1711 saepe
319 1662 439 1698 deum
457 1664 570 1698 nexis
587 1667 748 1698 ornatae
768 1662 971 1710 torquibus
989 1674 1101 1705 arae3

183 1728 296 1764 asper
314 1718 354 1751 in
374 1728 440 1752 ore
461 1727 596 1763 sapor3
623 1717 746 1751 tonsis
765 1717 805 1750 in
825 1714 989 1750 vallibus
1008 1714 1118 1750 illum

183 1775 359 1818 pastores
380 1774 423 1805 et
444 1781 561 1805 curva
579 1767 723 1817 legunt
741 1781 863 1817 prope
883 1767 1042 1803 flumina
1063 1767 1220 1806 Mellae.

354 1860 395 1879 ²⁵¹
421 1862 547 1893 nostris
564 1861 602 1892 R.
733 1859 776 1879 ²⁵⁹
798 1861 922 1899 ignava
938 1861 1006 1892 PR.

355 1903 398 1922 ²⁶²
421 1905 544 1935 stridet
559 1904 596 1934 R.

356 1946 399 1965 ²⁷⁶
422 1948 539 1986 prope]
554 1957 611 1983 per
627 1947 668 1977 P.
