1430 2335
690 87 882 123 VIRGIL

198 161 377 211 Daphnis
414 174 478 198 me
524 160 650 198 malus
696 164 789 208 urit,
826 175 902 211 ego
939 161 1041 198 hanc
1078 164 1120 198 in
1158 161 1372 211 Daphnide

301 215 464 251 laurum.

248 284 382 320 ducite
420 284 470 319 ab
521 284 620 320 urbe
664 284 839 331 domum,
880 297 969 322 mea
1012 288 1197 332 carmina,
1236 285 1372 322 ducite

302 337 516 386 Daphnim.

195 431 284 467 talis
305 444 413 467 amor
436 431 653 480 Daphnim,
673 433 799 481 qualis
820 445 909 469 cuin
930 433 1033 470 fessa
1052 435 1265 470 iuvencum
1323 437 1370 470 85

196 498 265 533 pel·
285 498 445 521 nemora
464 490 584 534 atque
604 485 705 522 altos
725 486 951 535 quaerendo
972 487 1114 523 bucula
1133 487 1240 523 lucos

195 543 358 587 propter
376 551 500 587 aquae
521 541 647 575 rivum
666 539 781 575 viridi
803 541 1026 589 procumbit
1046 543 1086 576 in
1106 540 1209 586 ulva,

194 593 363 641 perdita,
383 605 457 629 nec
478 605 587 629 serae
606 595 790 629 meminit
809 593 1007 630 decedere
1027 597 1149 639 nocti,

194 645 283 682 talis
303 659 411 681 311101·
431 651 582 691 teneat,
602 659 677 683 nec
698 650 748 683 sit
769 647 865 682 mihi
887 661 978 683 cura
997 648 1160 684 mederi.

246 715 382 752 ducite
431 716 479 751 ab
529 717 625 753 urbe
666 716 841 762 domum,
885 730 973 754 mea
1017 720 1202 764 carmina,
1236 717 1372 754 ducite

299 768 515 818 Daphnim.
1321 774 1372 813 90

194 864 263 901 has
284 864 376 900 olim
400 867 557 900 exuvias
578 864 675 900 mihi
696 865 869 914 perfidus
889 865 956 902 ille
976 865 1151 915 reliquit,

193 920 359 967 pignora
378 931 466 953 cara
486 921 544 954 sui
561 931 568 954 ε
598 932 698 968 quae
718 932 825 955 nunc
845 931 920 968 ego
939 919 1075 956 limine
1096 922 1136 956 in
1156 922 1255 968 ipso,

192 977 309 1016 terra,
331 972 403 1008 tibi
423 971 590 1015 mand03
622 972 775 1009 debent
795 972 893 1009 haec
914 975 1079 1022 pignora
1101 973 1317 1023 Daphnim.

246 1041 381 1077 ducite
423 1041 472 1076 ab
517 1042 614 1078 urbe
659 1041 834 1087 domum,
873 1055 963 1079 mea
1014 1045 1199 1090 carmina,
1236 1044 1371 1081 ducite

299 1093 512 1143 Daphnim.

192 1188 263 1225 has
282 1188 424 1224 herbas
444 1193 564 1237 atque
586 1188 683 1225 haec
707 1188 832 1226 Ponto
854 1189 952 1226 mihi
972 1189 1076 1227 lecta
1096 1203 1249 1228 venena
1321 1196 1370 1234 95

193 1245 276 1291 ipse
296 1242 410 1278 dedit
431 1242 578 1278 Moeris
597 1242 834 1292 (nascuntur
852 1243 1022 1292 plurima
1044 1243 1202 1295 Ponto),

194 1296 253 1332 his
274 1309 348 1344 ego
368 1308 487 1345 saepe
507 1295 646 1344 lupum
666 1296 750 1333 fieri
771 1302 813 1333 et
833 1310 875 1334 se
896 1297 1068 1334 condere
1090 1298 1196 1335 silvis

195 1349 376 1394 Moerim,
396 1362 513 1398 saepe
533 1352 682 1385 animas
702 1352 789 1387 imis
811 1353 941 1387 excire
964 1350 1182 1400 sepulchris

192 1409 312 1452 atque
334 1408 436 1439 satas
456 1403 533 1439 alio
553 1403 632 1439 vidi
653 1403 864 1441 traducere
885 1407 1032 1441 messis.

246 1473 381 1509 ducite
418 1473 467 1508 ab
516 1473 615 1509 urbe
661 1472 836 1519 domum,
876 1487 965 1511 mea
1013 1476 1197 1521 carmina,
1237 1474 1373 1512 ducite

298 1525 512 1575 Daphnim.
1299 1534 1372 1565 100

193 1620 253 1658 fer
273 1623 441 1666 cineres,
462 1620 668 1670 Amarylli‚
688 1621 792 1658 foras
811 1624 973 1671 rivoque
993 1621 1133 1659 fluenti

193 1680 382 1723 transque
439 1679 559 1723 caput
615 1678 713 1721 iace,
768 1688 843 1712 nec
897 1678 1131 1724 respexeris.
1190 1675 1250 1714 his
1297 1690 1373 1727 ego

300 1727 503 1776 Daphnim

193 1781 424 1830 adgrediar3
453 1780 553 1817 nihil
572 1781 639 1819 ille
659 1782 769 1828 deos,
788 1781 842 1818 nil
865 1785 1038 1819 carmina
1057 1787 1178 1820 curat.

246 1849 381 1886 duci'te
418 1851 468 1886 ab
511 1851 609 1888 urbe
648 1851 823 1898 domum,
870 1865 959 1890 mea
1009 1855 1194 1899 carmina,
1237 1852 1372 1891 ducite

300 1902 514 1953 Daphnim.

625 1972 654 1992 ⁸⁷
678 1974 875 2006 concumbit
895 1973 952 2007 Pl.

196 2023 245 2061 62
