1430 2335
674 78 864 115 VIRGIL

183 156 255 192 sub
277 154 444 204 pedibus
465 153 562 202 Styx
583 159 668 189 atra
688 153 799 190 videt
820 154 1041 203 Manesque
1063 154 1263 203 profundi.

183 228 389 252 maxumus
409 215 473 250 hic
494 214 595 250 flexu
617 217 773 250 sinuoso
794 215 964 251 elabitur
984 216 1137 264 Anguis

1341 282 1362 314 01

184 280 331 313 circum
352 288 503 325 perque
533 276 630 312 duas
649 278 689 311 in
711 289 859 312 morem
883 276 1052 312 fluminis
1077 278 1230 322 Arctos,
1289 282 1336 313 24

187 339 330 374 Arctos
353 338 506 374 Oceani
525 341 755 373 metuentes
775 350 947 386 aequore
968 341 1109 386 tingui.

185 399 276 443 illic,
298 403 343 435 ut
363 398 590 447 perhibent,
611 403 680 434 aut
700 401 944 447 intempesta
964 399 1056 435 silet
1075 412 1166 444 nox,

185 472 342 508 semper
361 465 403 496 et
423 460 589 495 obtenta
611 459 831 495 densantur
852 465 969 496 nocte
988 461 1179 497 tenebrae
1196 473 1206 505 3

184 527 253 558 aut
274 521 379 557 redit
397 534 419 556 a
439 521 552 556 nobis
573 521 725 556 Aurora
745 521 933 570 diemque
953 521 1122 566 reducit,

185 595 335 632 nosque
356 583 424 618 ubi
445 584 593 630 primus
615 585 726 631 equis
747 582 892 618 Oriens
913 582 1072 619 adflavit
1091 582 1258 629 anhelis,
1289 589 1362 621 250

187 643 266 680 illic
287 656 373 680 sera
392 643 541 679 rubens
561 643 746 680 accendit
769 643 917 679 lumina
937 644 1099 692 Vesper.

185 705 279 741 hinc
298 710 561 753 tempestates
583 705 704 740 dubio
725 704 974 753 praediscere
996 706 1106 742 caelo

186 779 404 815 possumus,
425 766 517 801 hinc
539 768 755 815 messisque
777 766 884 803 diem
904 771 1141 817 tempusque
1159 769 1328 814 serendi,

186 833 227 864 et
248 828 405 877 quando
425 827 590 863 infidum
610 831 727 864 remis
748 828 953 876 impellere
973 842 1142 866 marmor

187 883 411 925 conveniat,
432 881 590 929 quando
611 886 779 916 armatas
803 881 1000 918 deducere
1021 882 1169 929 classis,
1287 888 1361 920 ί255

185 939 254 970 aut
272 937 553 982 tempestivam
573 933 678 969 silvis
698 939 876 971 evertere
896 938 1047 983 pinum.

187 1000 260 1024 nec
281 986 425 1023 frustra
443 990 643 1035 signorum
663 988 794 1023 obitus
810 988 1059 1036 speculamur
1078 994 1119 1025 et
1139 994 1259 1035 ortus,

189 1041 512 1089 temporibusque
533 1053 668 1089 parem
690 1041 853 1077 diversis
873 1047 1063 1090 quattuor
1080 1055 1238 1078 annum.

244 1093 425 1142 Frigidus
446 1094 659 1142 agricolam
680 1096 710 1129 si
727 1094 886 1142 quando
906 1098 1087 1131 continet
1106 1097 1245 1141 imber,

189 1146 326 1191 inulta,
340 1146 473 1183 forent
489 1159 588 1196 quae
604 1160 694 1182 mox
711 1147 820 1183 caelo
836 1148 1087 1196 properanda
1105 1162 1260 1195 sereno,
1287 1148 1362 1187 260

188 1204 385 1236 maturare
407 1200 547 1236 datur:
577 1200 718 1236 durum
738 1201 921 1248 procudit
940 1207 1070 1237 arator

188 1256 356 1289 vomeris
376 1254 536 1289 obtunsi
556 1254 735 1299 dentem,
755 1259 867 1290 cavat
886 1256 1023 1291 arbore
1044 1255 1195 1301 lintres,

188 1311 255 1341 aut
276 1309 408 1354 pecori
429 1308 586 1352 signum
607 1312 675 1342 aut
696 1320 881 1343 numeros
901 1310 1100 1356 impressit
1119 1312 1277 1347 acervis.

190 1365 389 1395 exacuunt
411 1360 476 1395 alii
497 1359 618 1395 vallos
638 1359 844 1409 furcasque
866 1361 1036 1397 bicornis

187 1418 307 1461 atque
328 1413 516 1449 Amerina
531 1418 671 1461 parant
692 1413 824 1449 lentae
847 1414 1063 1450 retinacula
1082 1417 1163 1452 viti.
1288 1414 1362 1453 265

190 1478 295 1501 nunc.
318 1466 441 1502 facilis
463 1467 584 1502 rubea
605 1471 764 1502 texatur
783 1466 917 1503 fiscina
939 1470 1059 1516 virga,

188 1532 294 1554 nunc
314 1524 462 1556 torrete
484 1522 567 1568 igni
586 1519 734 1568 fruges,
754 1533 859 1556 nunc
879 1520 1051 1569 frangite
1071 1534 1172 1558 saxo.

189 1574 335 1620 quippe
357 1575 478 1608 etiam
498 1572 611 1609 festis
631 1573 825 1621 quaedam
846 1586 1030 1610 exercere
1050 1574 1190 1611 diebus

187 1624 244 1660 fas
265 1630 306 1661 et
327 1627 409 1661 iura
430 1628 586 1662 sinunt:
617 1629 719 1661 rivos
739 1626 938 1663 deducere
958 1627 1065 1663 nulla

186 1678 341 1725 relligio
362 1682 502 1723 vetuit,
524 1682 649 1726 segeti
671 1680 935 1727 praetendere
954 1693 1127 1729 saepem,
1287 1684 1361 1720 270

186 1731 346 1767 insidias
365 1733 501 1768 avibus
520 1733 661 1776 moliri,
682 1733 898 1769 incendere
918 1746 1071 1782 vepres,

188 1784 468 1833 balantumque
487 1799 650 1834 gregem
671 1785 787 1822 fluvio
806 1799 976 1822 mersare
994 1787 1150 1823 salubri.

231 1861 278 1880 ²⁴⁸
303 1865 490 1895 densentur
506 1866 582 1896 PR,
672 1863 719 1884 ²⁵²
744 1866 934 1903 praedicere
950 1867 1021 1897 AB.
1111 1865 1157 1885 ²⁶⁰
1179 1871 1255 1907 post
1274 1869 1317 1900 M.

231 1904 277 1924 ²⁶⁶
302 1907 395 1937 facili
411 1907 451 1938 P.
498 1908 612 1938 Rubea
626 1908 754 1939 Scholia
770 1920 810 1938 οη
823 1909 957 1940 Horace.
971 1910 1113 1941 Se1·m.I.
1126 1917 1160 1942 V.
1172 1912 1230 1950 96;
1248 1911 1359 1943 known

186 1952 217 1979 to
235 1949 375 1981 Servius.
677 1950 722 1968 ²⁰⁹
748 1952 907 1983 diducere
922 1952 970 1984 M.

185 2007 232 2045 98
