1430 2335
652 88 847 125 VIRGIL

151 166 305 212 cogitur
325 168 368 200 et
386 163 555 212 supplex
573 166 724 200 animos
744 166 995 201 summittere
1013 167 1149 210 amori,

150 230 201 253 ne
222 216 316 266 quid
337 219 592 266 inexpertum
611 217 756 254 frustra
774 220 964 254 moritura
982 217 1192 267 relinquat.
1259 222 1334 254 415

204 275 228 290 “
242 271 373 315 Anna,
393 271 504 307 vides
522 275 609 307 toto
628 274 828 320 properari
847 271 963 307 litore
982 274 1151 314 circum;

149 323 327 372 undique
346 336 569 360 convenere
587 336 595 368 ;
624 330 737 361 vocat
756 327 833 360 iam
852 325 1034 360 carbasus
1052 337 1178 370 auras,

151 378 349 426 puppibus
371 383 412 414 et
430 377 526 414 laeti
546 383 691 414 nautae
709 381 933 426 imposuere
953 391 1125 415 coronas.

151 430 257 466 hune
278 443 353 479 ego
373 433 404 467 si
424 434 537 480 potui
556 436 716 468 tantum
735 444 892 481 sperare
912 430 1103 477 dolorem,

150 488 193 519 et
212 484 402 532 perferre,
421 497 542 530 soror,
561 490 715 534 potero.
768 487 934 521 miserae
953 484 1028 521 hoc
1050 490 1186 521 tamen
1214 498 1336 521 unum

150 549 384 587 exsequere,
403 538 533 583 Anna,
554 538 650 574 mihi
666 552 673 575 :
702 538 824 575 solam
843 551 936 574 nam
954 539 1127 588 perfidus
1145 538 1213 574 ille
1259 543 1331 574 421

151 595 193 626 te
213 591 356 636 colere,
375 604 538 627 arcanos
558 595 678 628 etiam
698 592 773 628 tibi
792 592 954 628 credere
974 604 1134 636 sensus;

150 644 233 680 sola
253 647 325 681 viri
344 645 473 681 mollis
492 645 623 682 aditus
643 650 685 682 et
702 651 884 694 tempora
901 657 1029 682 noras.

150 700 176 742 i,
196 711 316 744 soror,
336 703 457 748 atque
478 698 634 735 hostem
651 699 818 748 supplex
837 698 972 735 adfare
992 699 1219 748 superbum.

150 763 230 787 non
253 765 327 801 ego
347 765 438 788 cum
460 752 606 788 Danais
625 752 836 788 Troianam
856 752 1088 789 exscindere
1108 758 1272 801 gentem

151 805 298 841 Aulide
317 808 441 841 iuravi
460 805 675 842 classemve
694 806 744 842 ad
768 806 959 855 Pergama
978 809 1077 850 misi,
1258 803 1336 841 4226

149 871 225 895 nec
244 861 367 907 patris
386 859 585 896 Anchisae
605 862 759 896 cineres
780 860 958 896 Manisve
980 859 1139 903 revelli;

150 925 220 947 cur
239 925 327 948 mea
345 912 453 949 dicta
472 917 596 962 negat
614 913 731 950 duras
750 913 965 950 demittere
984 915 1026 949 in
1044 915 1147 949 auris
1163 914 1177 949 ?

150 978 228 1014 quo
247 967 355 1002 ruit?
394 971 619 1003 extremum
639 966 713 1003 hoc
732 970 898 1003 miserae
912 966 985 1003 det
1002 979 1146 1003 munus
1164 969 1312 1002 amanti
1327 979 1335 1002 ε

151 1024 359 1068 exspectet
378 1019 616 1069 facilemque
636 1019 772 1069 fugam
791 1025 1010 1070 ventosque
1029 1020 1208 1057 ferentis.
1256 1023 1333 1056 430

150 1085 230 1108 non
250 1075 328 1109 iam
349 1076 576 1122 coniugium
596 1076 818 1123 antiquum,
837 1073 942 1123 quod
962 1073 1150 1123 prodidit,
1168 1086 1249 1118 oro,

149 1139 224 1162 nec
244 1126 411 1175 pulchro
431 1126 610 1169 ut,Latio
629 1132 762 1163 careat
779 1139 1029 1177 regnumque
1047 1127 1268 1176 relinq,11at;

149 1185 310 1229 tempus
330 1182 447 1216 inane
471 1186 578 1229 peto,
598 1183 777 1230 requiem
797 1183 1048 1230 spatiumque
1069 1180 1204 1226 furori,

150 1232 246 1269 dum
266 1246 354 1269 mea
375 1246 438 1270 me
458 1236 602 1270 victam
623 1234 765 1271 doceat
784 1234 943 1270 fortuna
963 1234 1110 1270 dolere.

151 1291 372 1323 extremam
392 1286 495 1323 hanc
514 1300 582 1323 oro
602 1291 757 1323 veniam
772 1287 977 1338 (miserere
997 1287 1179 1337 sororis);
1258 1291 1333 1323 435

149 1353 269 1390 quam
287 1340 385 1376 mihi
404 1353 494 1377 cum
508 1340 680 1386 dederit,
693 1341 936 1378 cumulatam
950 1346 1078 1378 morte
1093 1340 1334 1378 remittam.'’

203 1393 365 1430 Talibus
384 1394 535 1438 orabat,
554 1395 724 1444 talisque
745 1398 962 1431 miserrima
981 1394 1096 1431 fletus

149 1445 309 1497 fertque
328 1447 532 1497 refertque
552 1461 669 1484 soror.
726 1448 796 1484 sed
816 1448 935 1484 nullis
954 1448 1022 1484 ille
1048 1454 1231 1485 movetur

149 1500 320 1546 fletibus,
339 1505 408 1537 aut
427 1514 542 1538 voces
561 1501 660 1537 ullas
678 1502 898 1538 tractabilis
915 1501 1027 1538 audit
1044 1514 1053 1545 ;

149 1553 231 1591 fata
251 1555 425 1599 obstant,
444 1555 699 1604 placidasque
720 1558 791 1591 viri
811 1555 910 1592 deus
929 1555 1101 1592 obstruit
1119 1558 1234 1592 auris.
1258 1559 1334 1593 440

149 1621 194 1643 ac
215 1608 325 1644 velut
349 1621 497 1645 annoso
519 1608 689 1644 validam
709 1621 796 1644 cum
818 1609 956 1645 robore
975 1621 1164 1658 quercum

150 1661 288 1711 Alpini
309 1661 458 1698 Boreae
477 1675 584 1698 nunc
604 1662 697 1698 hinc
716 1675 822 1698 nunc
842 1662 1000 1699 flatibus
1018 1662 1129 1698 illinc

192 1755 237 1775 ⁴²⁷
262 1758 409 1789 cinerem
427 1758 487 1789 Ᾰ[;
512 1759 641 1789 cineres
656 1758 697 1793 P,
717 1757 858 1789 Servius.

192 1798 237 1818 ⁴²⁸
262 1805 363 1840 neget
378 1799 481 1831 M2P¹
499 1811 506 1833 :
528 1804 631 1840 negat
648 1799 760 1834 JPP2.
808 1801 981 1833 dimittere
994 1802 1033 1834 P.

193 1841 238 1861 ‘¹³⁴
263 1843 380 1874 dolore
397 1842 461 1874 Ml.

193 1884 238 1904 ⁴¹⁸⁶
262 1886 397 1917 dederis
418 1884 525 1925 7²abc,
545 1886 699 1917 Seri-ius:
722 1888 897 1917 cumulata
916 1887 964 1925 M,
986 1887 1099 1918 known
1126 1891 1156 1918 to
1182 1887 1335 1920 Servius.-

149 1928 282 1959 dederis
304 1929 512 1960 cumulatam
537 1930 701 1970 approved
723 1930 761 1970 by
786 1930 906 1961 Varius
931 1931 1002 1962 and
1026 1932 1137 1969 Tucca,
1158 1932 1335 1973 according)

148 1976 179 2002 to
196 1970 337 2003 Servius.

150 2035 226 2068 424
