1430 2335
662 99 856 136 VIRGIL

169 174 263 222 quid
286 177 452 223 primum
474 175 633 211 deserta
652 176 823 224 querar?
878 177 1119 211 comitemne
1140 187 1310 210 sororem

169 247 349 292 sprevisti
371 246 572 280 moriens?
628 244 769 281 eadem
788 257 852 281 me
873 244 923 281 ad
942 244 1023 280 fata
1045 257 1242 287 vocasses3

169 313 275 350 idem
295 315 428 350 ambas
449 313 553 351 ferro
573 314 685 350 dolor
705 319 825 363 atque
846 314 985 351 eadem
1007 313 1103 350 hora
1126 314 1294 350 tulisset.

169 382 229 418 his
249 386 370 420 etiam
392 386 517 420 struxi
538 384 717 419 manibus
738 386 965 433 patriosque
985 386 1119 419 vocavi
1272 380 1348 419 680

168 465 262 489 voce
284 453 391 498 deos,
413 455 467 489 sic
486 458 528 489 te
549 458 593 489 ut
614 456 753 501 posita,
776 452 958 497 crudelis,
981 454 1187 490 abessem?

168 525 356 558 exstinxti
377 528 417 559 te
438 535 594 572 meque,
610 535 729 567 soror,
749 522 1021 572 populumque
1043 528 1255 572 patresque

168 592 349 628 Sidonios
368 592 587 641 urbemque
608 597 728 629 tuam.
785 592 879 628 date
899 592 1058 628 volnera
1078 592 1249 641 lymphis

166 661 324 697 abluam
345 667 400 707 et,
419 667 622 698 extremus
642 664 673 697 si
693 664 779 710 quis
800 674 916 710 super
935 661 1082 697 halitus
1103 667 1220 706 errat,

167 744 234 767 ore
254 730 424 780 legam.'’
480 734 533 767 sic
554 731 635 767 fata
655 731 799 779 gradus
819 736 998 767 evaserat
1019 731 1132 775 altos,
1272 730 1346 767 685

167 804 519 850 semianimemque
541 804 627 837 sinu
648 813 878 849 germanam
898 801 1080 850 amplexa
1099 800 1260 837 fovebat

166 883 255 906 cum
275 873 426 919 gemitu
447 876 567 920 atque
588 875 693 906 atros
713 871 886 907 siccabat
907 876 1017 907 veste
1038 883 1206 907 cruores.

166 941 233 975 illa
253 943 379 989 gravis
400 940 532 976 oculos
553 944 694 975 conata
714 940 898 976 attollere
920 953 1050 976 rursus

165 1009 299 1046 deficit
317 1023 325 1054 ;
355 1009 517 1046 infixum
539 1011 672 1046 stridit
692 1011 764 1047 sub
784 1015 945 1059 pectore
967 1010 1114 1047 volnus.
1295 1022 1349 1047 MP

166 1084 228 1116 ter
247 1092 331 1116 sese
351 1080 540 1116 attollens
560 1081 771 1129 cubitoque
791 1080 935 1116 adnixa
956 1080 1124 1124 levavit3
1271 1080 1348 1122 690

166 1155 228 1186 ter
247 1150 425 1186 revoluta
443 1155 530 1186 toro
550 1155 611 1186 est
631 1150 833 1199 oculisque
854 1150 1076 1187 errantibus
1096 1150 1176 1186 alto

165 1223 359 1270 quaesivit
379 1220 486 1255 caelo
508 1219 635 1256 lucem
657 1222 932 1270 ingemuitque
953 1225 1122 1268 reperta.

217 1290 318 1326 Tum
340 1289 440 1326 Iuno
460 1292 728 1338 omnipotens,
748 1290 912 1338 longum
937 1292 1123 1325 miserata
1144 1290 1321 1327 dolorem

165 1360 410 1409 difficilisque
430 1360 574 1402 obitus,
596 1359 688 1395 Irim
709 1359 869 1396 demisit
889 1359 1074 1408 Olympo,

165 1443 265 1480 quae
284 1430 505 1467 luctantem
525 1433 695 1466 animam
717 1442 916 1479 nexosque
937 1431 1154 1468 resolveret
1173 1436 1291 1467 artus.

165 1512 254 1534 nam
276 1502 366 1548 quia
386 1511 459 1535 nec
480 1498 575 1543 fato,
596 1501 738 1535 merita
758 1511 832 1535 nec
852 1505 981 1536 morte
1002 1500 1168 1549 peribat,
1269 1499 1346 1542 696

165 1569 234 1605 sed
255 1572 397 1605 misera
417 1574 509 1604 ante
530 1568 637 1604 diem
658 1569 868 1617 subitoque
889 1582 1054 1606 accensa
1074 1569 1218 1616 furore⁷

164 1633 340 1669 nondum
360 1632 417 1668 illi
437 1632 577 1668 flavum
601 1633 834 1681 Proserpina
855 1636 1003 1670 vertice
1024 1636 1173 1670 crinem

164 1702 382 1738 abstulerat
402 1701 621 1751 Stygioque
642 1707 761 1750 caput
781 1701 1039 1738 damnaverat
1060 1702 1175 1739 Orco.

165 1784 259 1819 ergo
282 1771 353 1807 lris
374 1773 522 1807 croceis
544 1783 615 1820 per
633 1770 787 1806 caelum
808 1770 960 1806 roscida
980 1773 1123 1820 pinnis,
1269 1774 1344 1811 700

504 1883 547 1902 ⁰⁹⁰
571 1883 701 1915 attollit
717 1882 763 1914 Pl
781 1895 786 1916 :
810 1884 944 1916 attollet
960 1882 1016 1916 1²².

504 1924 549 1945 ⁶⁹²
573 1930 737 1966 repertam
752 1925 816 1958 311.

502 1968 544 1987 ⁰¹³⁸
570 1969 712 2000 necdum
731 1970 768 2001 P.

165 2029 238 2061 442
