1430 2335
681 70 872 107 VIRGIL

188 155 230 187 et
250 163 329 195 vos,
350 163 372 186 o
393 150 504 195 lauri,
525 162 680 198 carpam
702 153 744 185 et
763 153 818 194 te,
838 151 1015 198 proxima
1033 153 1176 198 myrte,

187 218 241 251 sic
262 217 411 263 positae
432 216 615 263 quoniam
637 215 764 249 suavis
784 215 959 250 miscetis
980 213 1130 250 odores.
1319 213 1366 250 55

189 281 355 315 rusticus
375 291 427 323 es,
450 277 656 327 Corydon3
685 290 759 314 nec
778 291 944 315 munera
963 283 1074 314 curat
1094 277 1242 323 Alexis,

188 356 274 387 nee,
295 346 325 379 si
345 343 574 378 muneribus
596 347 738 387 certes,
759 342 952 379 concedat
971 342 1100 379 Iollas.

189 407 265 443 heu
287 406 379 452 heu,
399 406 494 455 quid
515 406 620 442 volui
639 408 781 442 misero
801 406 926 443 mihi?
955 405 1113 443 floribus
1134 406 1324 443 Austrum

189 471 366 520 perditus
388 476 429 507 et
448 470 608 519 liquidis
628 473 771 506 immisi
791 469 968 507 fontibus
987 484 1110 519 apros.

189 548 307 584 quem
328 535 445 584 fugis,
464 535 507 570 a!
539 534 732 571 demens?
762 534 995 571 habitarunt
1014 535 1055 571 di
1075 548 1231 585 quoque
1253 535 1368 572 silvas

190 599 492 648 Dardaniusque
515 598 630 635 Paris.
692 598 831 644 Pallas,
852 612 947 648 quas
968 599 1149 636 condidit
1168 612 1289 644 arces,
1320 600 1367 637 61

190 666 273 712 ipsa
293 662 420 699 colat:
449 663 562 699 nobis
582 662 767 712 placeant
786 668 881 699 ante
901 666 1032 699 omnia
1052 663 1182 700 silvae.

190 732 300 764 torva
318 726 457 763 leaena
476 726 614 776 lupum
634 730 825 776 sequitur,
845 727 961 776 lupus
981 730 1065 777 ipse
1086 727 1290 777 capellam,

190 791 394 828 florentem
417 794 585 841 cytisum
607 794 786 840 sequitur
807 791 950 827 lasciva
969 792 1133 841 capella,

191 861 232 892 te
254 855 448 905 Corydon,
470 869 492 891 ο
513 855 628 892 Alexi
646 869 653 892 :
682 855 805 892 trahit
826 869 894 892 sua
913 869 1113 906 quemque
1134 856 1323 907 voluptas.

191 922 335 969 aspice,
354 925 482 956 aratra
502 922 594 969 iugo
615 919 796 957 referunt
816 933 1005 969 suspensa
1025 923 1194 967 iuvenci,
1323 923 1370 960 66

192 990 233 1020 et
253 984 308 1020 sol
329 987 543 1021 crescentis
563 984 765 1021 decedens
785 984 963 1033 duplicat
982 986 1161 1022 umbras:

192 1062 255 1085 me
275 1055 409 1085 tamen
430 1051 509 1084 urit
530 1061 660 1092 amor3
691 1051 777 1098 quis
799 1051 905 1085 enim
925 1049 1065 1086 modus
1084 1049 1187 1086 adsit
1205 1051 1354 1086 amori?

192 1113 255 1158 ah,
277 1113 470 1162 Corydon,
492 1112 684 1162 Corydon,
707 1126 808 1162 quae
829 1118 870 1150 te
891 1113 1095 1150 dementia
1115 1115 1249 1163 cepit?

194 1180 431 1225 semiputata
451 1177 524 1213 tibi
545 1176 730 1213 frondosa
749 1180 839 1214 vitis
860 1180 901 1213 in
921 1177 1028 1214 ulmo
1048 1183 1120 1214 est.
1323 1179 1372 1216 70

194 1244 287 1291 quin
308 1246 351 1277 tu
372 1241 518 1290 aliquid
540 1241 680 1278 saltem
701 1244 844 1290 potius,
865 1255 1031 1291 quorum
1052 1242 1207 1292 indiget
1227 1256 1331 1289 usus,

194 1306 402 1342 viminibus
422 1305 610 1355 mollique
630 1319 742 1355 paras
763 1306 954 1343 detexere
973 1307 1117 1342 iunco?

194 1372 371 1407 invenies
390 1369 521 1415 alium,
543 1373 574 1407 si
594 1375 636 1406 te
657 1370 722 1407 hic
741 1370 909 1415 fastidit,
929 1370 1127 1408 Alexim.’'

753 1521 815 1557 111

687 1602 884 1627 MENALCAS

197 1659 273 1694 Dic
293 1658 401 1704 mihi,
423 1659 628 1705 Damoeta,
649 1663 779 1696 cuium
800 1662 946 1709 pecus?
977 1674 1027 1697 an
1049 1661 1264 1698 Meliboei?
1325 1675 1373 1698 pn

684 1750 886 1774 DAMOETAS

199 1813 301 1859 Non,
321 1826 456 1850 verum
476 1813 651 1863 Aegonis
668 1827 676 1858 3
705 1828 833 1864 nuper
851 1815 949 1852 mihi
969 1816 1134 1853 tradidit
1155 1817 1305 1866 Aegon.

643 1900 671 1918 5⁶
696 1900 744 1938 es]
760 1903 813 1931 est
830 1900 917 1933 P1I2.

644 1941 672 1960 5⁷
696 1946 806 1974 certet
822 1944 862 1975 R.

200 2001 245 2037 14
