1430 2335
677 97 868 134 VIRGlL

185 180 268 225 ipse
288 181 406 225 caput
424 180 562 212 tonsae
582 174 684 212 foliis
705 181 866 213 ornatus
886 177 1011 214 olivae

185 238 288 274 dona
301 237 434 274 feram.
482 239 558 272 iam
580 250 685 273 nunc
706 238 905 275 sollemnis
926 239 1071 276 ducere
1092 252 1254 290 pompas
1275 252 1357 277 MPR

185 299 233 335 ad
253 299 417 335 delubra
433 301 540 334 iuvat
559 311 770 348 caesosque
790 299 924 336 videre
946 303 1140 346 iuvencos,

186 361 246 397 vel
264 373 405 397 scaena
423 365 468 396 ut
489 362 606 397 versis
626 360 805 397 discedat
825 360 1021 398 frontibus
1042 367 1166 412 utque

185 435 381 471 purpurea
399 424 544 458 intexti
563 421 707 458 tollant
728 422 865 459 aulaea
886 422 1079 460 Britanni.
1312 426 1359 462 25

185 487 225 520 in
245 484 391 520 foribus
411 496 586 532 pugnam
607 496 653 520 ex
675 496 768 520 auro
788 484 992 534 solidoque
1013 485 1229 534 elephanto

186 545 455 594 Gangaridum
474 545 614 580 faciam
635 548 871 595 victorisque
893 559 998 582 arma
1020 546 1191 592 Quirini,

184 613 303 657 atque
322 607 385 643 hic
400 607 618 643 undantem
639 607 744 643 bello
764 621 1031 657 magnumque
1060 608 1250 646 fluentem

187 670 321 705 Nilum
338 682 382 705 ac
403 668 529 704 navali
549 671 746 717 surgentis
767 682 857 705 aere
879 669 1090 706 columnas.

184 731 326 767 addam
344 731 460 767 urbes
482 730 597 766 Asiae
617 730 785 767 domitas
804 730 1040 780 pulsumque
1063 731 1268 780 Niphaten
1310 734 1359 770 30

186 793 454 841 fidentemque
474 791 567 840 fuga
589 792 777 828 Parthum
797 796 997 842 versisque
1019 796 1174 841 sagittis

185 860 226 890 et
246 854 324 890 duo
343 859 455 902 rapta
472 867 591 890 manu
612 854 765 890 diverso
786 866 834 890 ex
854 854 967 891 hoste
987 860 1150 904 tropaea

184 917 322 965 bisque
341 915 602 964 triumphatas
618 921 785 965 utroque
805 917 854 951 ab
873 915 990 953 litore
1011 923 1162 965 gentes.

185 978 347 1014 stabunt
362 982 403 1013 et
424 977 524 1012 Parii
544 977 705 1025 lapides,
727 980 915 1026 spirantia
936 980 1060 1026 signa,

185 1041 363 1076 Assaraci
382 1038 511 1088 proles
531 1039 804 1088 demissaeque
823 1040 873 1075 ab
894 1039 987 1076 Iove
1011 1042 1143 1088 gentis
1305 1041 1355 1078 35

184 1104 343 1138 nomina
361 1100 535 1149 Trosque
555 1113 695 1149 parens
716 1105 758 1137 et
777 1100 915 1137 Troiae
937 1101 1132 1150 Cynthius
1152 1106 1301 1139 auctor.

187 1163 338 1199 Invidia
356 1162 494 1198 infelix
515 1161 632 1198 furias
652 1175 888 1212 amnemque
910 1175 1092 1199 severum

185 1225 321 1274 Cocyti
340 1229 494 1260 metuet
508 1229 712 1273 tortosque
730 1223 877 1260 Ixionis
897 1227 1038 1273 anguis

184 1290 474 1335 immanemque
494 1291 620 1321 rotam
640 1290 682 1322 et
700 1298 780 1321 non
801 1286 1075 1335 exsuperabile
1095 1299 1242 1323 saxum.

184 1352 337 1385 interea
356 1347 560 1397 Dryadum
580 1347 693 1383 silvas
713 1347 914 1397 saltusque
936 1360 1147 1397 sequamur
1310 1348 1360 1386 40

184 1413 365 1453 intactos,
383 1415 464 1454 tua,
488 1409 706 1454 Maecenas,
729 1409 833 1445 haud
850 1409 983 1445 mollia
1003 1412 1118 1446 iussa.

184 1477 224 1508 te
244 1474 326 1507 sine
346 1470 401 1506 nil
421 1470 545 1507 altum
564 1483 676 1506 mens
696 1470 880 1507 incohat:
912 1483 963 1507 en
983 1484 1070 1519 age,
1092 1474 1227 1520 segnis

183 1545 321 1581 rumpe
341 1545 466 1568 moras
483 1545 492 1575 ;
518 1537 631 1568 vocat
651 1534 807 1580 ingenti
827 1532 996 1568 clamore
1019 1532 1232 1569 Cithaeron

183 1595 430 1644 Taygetique
450 1607 566 1630 canes
586 1593 851 1643 domitrixque
873 1594 1093 1643 Epidaurus
1114 1607 1318 1644 equorum,

355 1671 383 1690 ‘2⁵
407 1671 532 1702 tollent
550 1672 587 1703 P.
913 1671 941 1690 2⁸
966 1671 1045 1702 huic
1062 1672 1098 1703 P.

355 1714 383 1733 2⁹
407 1715 538 1745 navalis
556 1715 594 1745 P.
907 1713 935 1732 ³⁸
959 1718 1116 1746 metuens
1132 1715 1169 1746 P.

231 1813 243 1831 1
267 1813 338 1843 The
355 1816 451 1852 stage
470 1815 491 1828 “
504 1813 675 1843 scaenae''
689 1813 800 1844 either
817 1812 948 1843 formed
966 1812 1025 1843 the
1038 1811 1261 1853 background
1278 1811 1356 1850 and,

184 1856 281 1886 when
306 1855 428 1896 parted
453 1856 620 1895 (discedat)
638 1856 671 1886 in
698 1856 756 1886 the
779 1860 906 1893 centre,
926 1854 1096 1886 disclosed
1120 1865 1139 1885 a
1163 1865 1238 1885 new
1262 1865 1360 1885 scene

184 1899 319 1935 within,
348 1908 386 1928 or
416 1909 504 1928 were
529 1898 724 1939 triangular
748 1899 884 1939 prisms,
915 1898 1028 1928 which
1062 1897 1223 1928 revolved
1249 1898 1361 1936 (versis

183 1942 358 1979 frontibus)
372 1951 415 1971 011
432 1941 542 1971 either
559 1941 630 1971 side
648 1941 682 1971 of
698 1941 757 1971 the
774 1945 880 1982 stage.
931 1940 1022 1971 Both
1040 1940 1153 1977 kinds,
1170 1939 1354 1978 doubtless,

182 1995 271 2015 were
287 1983 382 2015 often
405 1983 488 2014 used
509 1987 546 2015 at
564 1984 622 2014 the
639 1994 729 2014 same
747 1985 840 2015 time.
890 1983 962 2014 The
979 1983 1117 2014 ancient
1133 1983 1269 2014 curtain
1286 1993 1359 2013 rose

185 2044 255 2080 156
