1430 2335
713 66 905 103 VIRGIL

217 146 398 182 robustus
417 158 572 194 quoque
592 146 669 180 iam
689 147 810 181 tauris
830 147 922 193 iuga
941 144 1068 181 solvet
1087 148 1239 187 arator3

217 223 290 247 nec
311 213 433 246 varios
454 210 581 246 discet
601 212 761 246 mentiri
781 209 871 245 lana
890 209 1052 254 colores,

216 277 299 323 ipse
320 274 388 310 sed
410 276 449 309 in
470 276 592 322 pratis
613 276 712 310 aries
732 276 810 310 iam
831 287 948 310 suave
968 275 1128 310 rubenti

215 340 375 382 murice,
397 340 474 373 iam
497 350 634 374 croceo
654 338 826 374 mutabit
846 337 993 374 vellera
1012 337 1120 381 lut03

216 407 358 451 sponte
380 415 449 438 sua
469 401 619 451 sandyx
641 404 840 450 pascentis
860 395 1159 451 vestiet'agnos.
1350 401 1399 439 45

268 470 292 486 “
305 465 413 502 Talia
433 465 560 502 saecla
574 465 595 477 ’'
617 469 695 503 suis
715 466 904 503 dixerunt
922 468 1105 503 “currite
1121 465 1141 478 ”
1163 464 1258 503 fusis

216 530 428 567 concordes
449 530 579 567 stabili
601 529 770 567 fatorum
792 533 955 568 numine
978 531 1130 567 Parcae.

270 595 504 644 Adgredere
525 608 547 631 o
567 608 732 644 magnos
752 594 899 645 (aderit
919 598 996 632 iam
1017 594 1197 646 tempus)
1217 594 1399 641 honores,

215 670 303 693 cara
321 657 441 694 deum
462 656 631 702 suboles,
651 670 840 706 magnum
862 657 964 694 Iovis
984 658 1299 694 incrementum!

215 725 345 771 aspice
365 735 540 758 convexo
560 727 772 759 nutantem
794 722 971 771 pondere
992 722 1187 759 mundum
1349 723 1400 760 50

215 792 419 836 terrasque
439 791 669 836 tractusque
690 789 807 823 maris
827 786 1061 837 caelumque
1081 786 1346 837 profundum;

215 854 346 901 aspice
366 856 534 888 venturo
555 851 757 888 laetentur
780 857 822 888 ui:
842 854 973 888 omnia
993 851 1122 888 saeclo
1142 853 1148 888 !
1352 863 1400 887 PR

216 929 239 953 o
257 915 354 952 mihi
374 921 460 952 ’cum
481 915 624 965 longae
645 921 803 952 maneat
825 929 913 965 pars
934 916 1074 953 ultima
1094 919 1214 962 vitae,

216 982 375 1029 spiritus
396 985 449 1025 et,
471 985 664 1029 quantum
685 985 744 1016 sat
766 983 842 1017 erit
862 986 930 1017 tua
950 981 1083 1017 dicere
1105 981 1233 1018 faeta:

217 1058 296 1081 non
316 1057 379 1081 me
400 1045 638 1081 carminibus
660 1047 793 1081 vincet
813 1058 887 1082 nec
908 1045 1097 1082 Thracius
1119 1045 1318 1094 Orpheus,
1352 1049 1400 1085 55

217 1122 290 1146 nec
312 1109 445 1154 Linus,
462 1109 552 1145 huic
573 1114 700 1146 mater
715 1112 892 1159 quamvis
907 1115 1028 1160 atque
1045 1110 1135 1146 huic
1153 1115 1269 1159 pater
1284 1110 1399 1158 adsit,

218 1173 368 1223 Orphei
390 1172 603 1222 Calliopea,
626 1173 725 1210 Lino
747 1173 939 1211 formosus
960 1174 1115 1223 Apollo.

221 1238 299 1274 Pan
321 1241 453 1283 etiam,
475 1238 644 1275 Arcadia
664 1251 820 1275 mecum
841 1241 871 1276 si
893 1238 1023 1276 iudice
1044 1244 1187 1284 certet,

220 1302 299 1338 Pan
321 1305 440 1339 etiam
463 1302 629 1339 Arcadia
650 1302 756 1340 dicat
775 1316 816 1340 se
837 1302 967 1340 iudice
988 1305 1150 1342 victum.

219 1369 360 1416 incipe,
381 1380 499 1416 parve
520 1380 631 1416 puer,
652 1370 730 1404 risu
752 1380 991 1417 cognoscere
1012 1373 1204 1405 matrem:
1350 1370 1400 1407 60

218 1434 333 1467 matri
353 1431 470 1479 longa
491 1431 631 1468 decem
651 1431 833 1468 tulerunt
854 1432 1010 1469 fastidia
1031 1445 1199 1469 menses.

219 1498 361 1544 incipe,
382 1509 498 1544 parve
520 1509 640 1545 puer:
671 1498 732 1533 cui
753 1509 832 1532 non
853 1499 973 1533 risere
995 1502 1195 1546 parentes,

219 1573 292 1596 nee
312 1559 409 1597 deus
431 1559 534 1597 hunc
554 1573 703 1606 mensa,
725 1560 799 1597 dea
819 1574 893 1597 nec
915 1561 1079 1610 dignata
1100 1561 1218 1598 cubili
1241 1567 1311 1600 est.

476 1645 503 1664 ⁵²
527 1646 700 1677 laetentur
716 1645 767 1677 P:
792 1646 968 1678 laetantur
985 1648 1025 1678 R.

476 1688 504 1707 ⁵³
527 1689 627 1730 longe
639 1689 680 1721 P.

474 1731 502 1750 5⁵
527 1732 645 1763 vincat
661 1731 718 1763 Pl.

476 1774 505 1793 ⁶2
527 1775 585 1815 qui
602 1786 670 1806 non
687 1775 791 1806 risere
807 1775 944 1817 parenti
963 1775 1167 1813 Quintilian.

220 1991 267 2028 32
