1430 2335
664 89 855 126 VIRGIL

171 174 335 218 possunt
353 173 473 218 atque
493 171 570 204 ima
589 168 735 205 similes
754 171 991 206 revirescere
1010 175 1138 214 'cerra3

171 221 309 258 infelix
329 227 490 270 superat
509 221 612 258 foliis
632 221 801 259 oleaster
819 225 968 260 amaris.

226 276 309 312 Nec
328 276 401 312 tibi
421 281 502 311 tam
522 275 697 324 prudens
715 278 920 324 quisquam
941 277 1177 325 persuadeat
1196 283 1332 314 auctor

170 329 356 365 tellurem
378 329 501 365 Borea
520 329 687 377 rigidam
707 331 881 377 spirante
901 343 1070 366 movere.
1269 333 1343 370 316

171 395 259 418 rura
278 383 371 431 gelu
391 387 487 418 tune
507 382 656 418 claudit
675 382 801 419 hiems
820 395 895 419 nee
913 386 1063 420 semine
1083 386 1186 420 iacto

171 441 395 472 concretam
415 438 564 484 patitur
584 435 755 472 radicem
774 436 946 485 adfigere
966 442 1106 474 terrae.

171 492 321 538 optima
340 492 483 526 vinetis
503 492 614 534 satio,
635 502 724 525 cum
743 502 835 526 vere
859 491 1028 526 rubente

171 543 339 579 candida
357 545 467 579 venit
485 545 566 579 avis
585 542 713 591 longis
733 545 856 579 invisa
877 543 1059 589 colubris,
1270 546 1345 583 320

171 599 296 645 prima
315 596 377 632 vel
397 598 578 632 autumni
598 597 670 632 sub
690 596 847 644 frigora,
868 609 956 633 cum
978 597 1136 646 rapidus
1156 596 1221 634 Sol

171 650 348 686 nondum
368 649 541 686 hiemem
556 652 754 698 contingit
769 653 891 699 equis,
908 653 984 686 iam
1000 654 1190 699 praeterit
1206 656 1342 690 aestas.

171 717 239 740 ver
258 704 357 740 adeo
377 703 506 739 frondi
527 716 746 748 nemorum,
766 716 834 740 ver
855 704 951 740 utile
972 705 1101 748 silvis3

170 770 263 793 vere
284 762 442 793 tument
458 762 587 793 terrae
608 762 650 793 et
669 756 859 805 genitalia
878 761 1027 793 semina
1047 763 1225 806 poscunt.

170 816 256 847 tum
277 816 390 859 pater
409 813 660 859 omnipotens
681 810 860 846 fecundis
880 811 1069 848 imbribus
1090 811 1243 848 Aether
1270 812 1346 850 325

172 867 348 912 coniugis
369 867 409 899 in
429 867 624 912 gremium
644 864 772 900 laetae
793 863 1003 901 descendit
1023 870 1064 901 et
1084 868 1210 901 omnis

171 931 336 967 magnus
356 917 427 954 alit
445 931 548 962 maw¹
551 931 589 953 io
609 920 844 954 c'ommixtus
863 930 1024 966 corpore
1045 918 1160 955 fetus.

171 974 256 1007 avia
275 976 361 1008 tum
381 976 568 1007 resonant
587 971 722 1007 avibus
743 971 914 1020 virgulta
934 975 1084 1008 canoris

172 1031 214 1061 et
233 1013 432 1061 Venerem
452 1027 569 1061 certis
589 1029 779 1072 repetunt
798 1030 977 1061 armenta
996 1025 1160 1073 diebus;

173 1092 209 1127 p
200 1081 340 1114 uturit
359 1078 484 1114 almus
503 1091 598 1126 ager
618 1078 867 1127 Zephyrique
889 1080 1120 1127 tepentibus
1139 1082 1242 1116 amis
1272 1080 1349 1118 330

172 1132 307 1168 laxant
325 1145 415 1167 arva
435 1134 564 1174 sinus;
595 1137 755 1179 superat
775 1136 891 1168 tener
909 1133 1089 1169 omnibus
1110 1145 1230 1178 umor,

172 1188 292 1234 inque
312 1198 433 1221 novos
453 1185 554 1221 soles
575 1184 725 1221 audent
745 1197 786 1221 se
807 1188 984 1233 gramina
1003 1191 1093 1222 tuto

173 1239 348 1284 credere,
368 1251 441 1275 nee
461 1241 606 1274 metuit
625 1241 822 1287 surgentis
841 1241 1049 1287 pampinus
1070 1239 1234 1276 Austros

172 1297 241 1328 aut
260 1297 392 1328 actum
413 1292 521 1328 caelo
541 1294 694 1339 magnis
715 1291 977 1340 Aquilonibus
998 1293 1179 1338 imbrem,

172 1345 242 1382 sed
263 1345 390 1382 trudit
409 1358 587 1394 gemmas
607 1350 649 1381 et
669 1344 830 1381 frondes
851 1345 1024 1394 explieat
1042 1348 1179 1384 omnis.
1274 1345 1349 1383 335

172 1412 252 1435 non
272 1399 367 1435 alios
388 1401 512 1447 prima
532 1401 746 1435 crescentis
767 1401 918 1447 origine
938 1399 1076 1435 mundi

172 1452 360 1489 inluxisse
381 1452 465 1488 dies
484 1451 654 1488 aliumve
676 1451 857 1488 habuisse
878 1457 1059 1489 tenorem

173 1505 432 1543 crediderim:
463 1518 530 1541 ver
549 1505 647 1541 illud
667 1511 765 1550 erat,
785 1518 853 1542 ver
871 1518 1037 1554 magnus
1056 1506 1201 1555 agebat

173 1560 276 1596 orbis
296 1564 338 1595 et
357 1558 532 1595 hibernis
552 1559 768 1607 parcebant
788 1558 943 1595 flatibus
964 1559 1072 1604 Euri,

173 1626 262 1649 cum
282 1615 431 1661 primae
452 1612 581 1648 lucem
601 1611 775 1660 pecudes
795 1611 974 1657 hausere,
993 1615 1198 1662 virumque
1272 1613 1349 1652 340

173 1665 299 1702 ferrea
320 1668 530 1714 progenies
550 1665 656 1701 duris
677 1670 796 1714 caput
817 1665 961 1702 extulit
981 1668 1093 1711 arvis,

173 1722 448 1768 immissaeque
468 1718 575 1756 ferae
596 1719 701 1755 silvis
722 1723 764 1755 ei:
783 1718 910 1755 sidera
930 1718 1049 1756 caelo.

260 1812 303 1830 ³¹⁶
327 1812 455 1842 moveri
473 1811 542 1843 PR.
884 1811 928 1830 ³¹³
953 1815 1151 1843 concretum
1168 1811 1220 1844 Μ.

260 1854 304 1873 ³³⁰
326 1854 551 1896 zephyrisque
569 1854 622 1886 M.
671 1854 900 1886 trementibus
917 1854 987 1885 PR.

260 1897 303 1915 ³³2
328 1898 479 1938 gramine
496 1897 547 1928 P:
571 1898 726 1939 gramina
742 1897 783 1928 M
787 1897 816 1928 R
827 1907 838 1928 .·
862 1898 1016 1939 germina
1032 1897 1281 1938 Philaryyri'zcs.

259 1941 302 1959 ³³⁹
326 1940 458 1971 hiberni
475 1940 525 1971 M.

261 1982 304 2001 ³4²
327 1986 440 2014 terrea
457 1982 524 2020 ΜΞ,
544 1982 688 2022 Simius,
710 1982 959 2023 PMZaryyrius,
982 1983 1180 2015 Lactantius.

177 2043 248 2080 138
