1430 2335
660 85 853 122 VIRGIL

682 172 843 197 LYCIDAS

172 229 378 267 Causando
397 235 552 268 nostros
572 232 615 265 in
633 229 799 278 longum
819 230 929 267 ducis
949 241 1113 267 amores.

172 297 214 328 et
232 305 338 328 nunc
358 304 476 328 omne
496 292 570 327 tibi
591 296 760 327 stratum
781 290 873 328 silet
891 304 1052 340 aequor,
1072 295 1114 327 e'c
1135 303 1285 336 omnes,

172 356 317 401 aspice,
338 355 493 389 ventosi
513 352 746 388 ceciderunt
764 354 975 388 murmuris
994 364 1123 388 aurae.

172 414 266 450 hinc
284 413 385 450 adeo
404 413 537 449 media
557 418 619 449 est
638 413 751 448 nobis
772 415 857 457 via3
885 425 1056 462 namque
1073 412 1325 462 sepulchrum

173 477 313 524 incipit
332 487 525 524 apparere
547 474 747 510 Bianoris:
776 474 854 519 hic,
874 475 942 510 ubi
962 474 1105 510 densas
1304 472 1353 510 60

172 536 368 586 agricolae
389 538 593 584 stringunt
613 535 788 581 frondes,
808 535 884 579 hic,
908 536 1048 581 Moeri,
1068 548 1276 580 canamus;

172 598 238 635 hie
257 598 406 634 haedos
426 597 599 646 depone,
619 602 759 633 tamen
779 599 984 633 veniemus
1004 599 1045 632 in
1065 597 1217 633 urbem.

173 666 242 697 aut
262 663 307 706 si,
327 673 404 695 nox
426 659 598 708 pluviam
619 671 670 695 ne
690 658 853 707 colligat
872 663 982 704 ante,
1002 671 1197 704 veremur,

175 727 382 758 cantantes
402 720 499 757 licet
519 733 643 769 usque
663 720 812 770 (minus
832 723 893 756 via
913 718 1054 769 laedit)
1075 732 1232 765 eamus;

175 788 382 820 cantantes
403 787 448 819 ut
468 794 616 827 eamus,
636 794 712 830 ego
733 782 806 817 hoc
826 787 868 818 te
889 780 995 818 fasce
1015 781 1169 820 levabo.
1305 780 1353 819 65

698 901 839 925 MOERIS

175 961 326 997 Desine
348 959 473 1009 plura,
495 971 606 1008 puer,
627 963 669 995 et
689 958 795 1008 quod
814 971 920 994 nunc
940 961 1064 995 instat
1082 970 1266 1007 agamusg

175 1027 348 1062 carmina
368 1029 453 1060 tum
473 1024 627 1069 melius‚
649 1036 738 1059 cum
759 1025 914 1060 venerit
932 1025 1031 1072 ipse,
1050 1035 1248 1059 canemus.

746 1258 784 1295 X

175 1342 404 1380 EXTREMUM
418 1343 538 1390 hunc,
554 1343 766 1391 Arethusa,
779 1345 876 1383 mihi
891 1345 1066 1384 concede
1077 1345 1274 1386 laborem:
1303 1359 1357 1385 ΜΡ

174 1428 298 1465 pauca
317 1429 407 1452 meo
428 1416 558 1463 Gallo,
578 1418 647 1453 sed
669 1431 769 1467 quae
789 1419 899 1468 legat
918 1421 1003 1468 ipsa
1021 1419 1198 1469 Lycoris,

176 1490 347 1523 carmina
366 1493 460 1525 sunt
478 1488 648 1525 dicenda
665 1504 672 1526 :
702 1496 827 1539 neget
847 1493 933 1540 quis
953 1490 1127 1529 carmina
1147 1492 1293 1530 Gallo?

174 1563 228 1596 sic
248 1561 335 1606 tibi,
355 1573 444 1597 cum
463 1560 604 1598 fluctus
625 1563 897 1600 subterlabere
917 1562 1091 1610 Sicanos,

175 1632 291 1669 Doris
310 1646 441 1669 amara
460 1646 570 1670 suam
589 1647 669 1670 non
689 1637 965 1672 intermisceat
983 1636 1143 1683 undam,

1332 1643 1353 1675 Οἱ

173 1707 328 1753 incipe3
356 1705 546 1743 sollicitos
566 1706 672 1742 Galli
692 1707 868 1744 dicamus
887 1720 1054 1754 amores,

173 1776 268 1812 dum
288 1782 427 1814 tenera
445 1778 661 1815 attondent
680 1782 801 1816 simae
821 1780 991 1830 virgulta
1010 1781 1196 1830 capellae.

174 1862 253 1884 non
273 1852 449 1887 canimus
469 1851 608 1896 surdis,
628 1852 875 1902 respondent
894 1856 1025 1889 omnia
1044 1853 1174 1890 silvae.

344 1956 372 1975 ⁶⁹
398 1957 453 1989 hic
469 1958 510 1990 P.
901 1959 914 1980 ¹
934 1960 1088 1992 laborum
1104 1959 1162 1992 Pl.

172 2012 221 2049 70
