1430 2335
703 85 894 122 VIRGIL

206 178 276 214 per
297 168 454 199 noctem
476 174 657 199 resonare
679 161 780 210 lupis
800 160 1044 197 ululantibus
1066 159 1194 196 urbes.

206 231 283 253 non
305 217 398 252 alias
419 216 527 252 caelo
547 214 778 251 ceciderunt
797 214 910 263 plura
929 226 1066 250 sereno

207 270 365 319 fulgura
384 282 456 305 nec
477 268 552 305 diri
572 271 719 304 totiens
738 280 866 304 arsere
886 271 1078 303 cometae.

207 336 302 371 ergo
323 325 427 358 inter
447 334 531 358 sese
553 321 711 370 paribus
732 332 963 357 concurrere
983 320 1076 356 telis

208 375 405 412 Romanas
423 378 527 411 acies
547 378 692 411 iterum
715 374 849 410 videre
872 373 1071 421 Philippi;
1308 375 1386 413 490

208 441 281 465 nec
301 428 377 464 fuit
396 428 606 478 indignum
625 429 788 475 superis,
808 427 868 462 bis
888 428 1079 475 sanguine
1101 428 1235 460 nostro

208 481 435 517 Emathiam
456 486 498 517 et
517 481 618 517 latos
642 481 787 516 Haemi
808 482 1068 529 pinguescere
1090 490 1261 527 campos.

208 535 361 571 scilicet
381 539 422 570 et
443 539 600 583 tempus
622 536 769 576 veniet,
791 546 880 569 cum
900 532 1040 568 finibus
1060 531 1139 567 illis

208 587 379 636 agricola
398 589 558 623 incurvo
579 593 726 623 terram
747 586 907 621 molitus
928 590 1058 622 aratro

209 654 326 678 exesa
345 643 523 676 inveniet
543 641 677 677 scabra
695 640 874 688 robigine
895 638 987 687 pila,
1313 639 1387 678 495

208 700 277 731 aut
297 694 480 743 gravibus
500 696 633 730 rastris
653 693 784 743 galeas
800 692 972 741 pulsabit
984 693 1123 735 inanis,

210 747 454 797 grandiaque
476 746 624 783 effossis
639 746 848 782 mirabitur
868 757 952 781 ossa
974 745 1173 794 sepulcriS.

209 801 248 837 di
270 802 400 850 patrii,
424 799 643 849 Indigetes,
664 804 705 836 et
727 798 892 835 Romule
913 797 1113 846 Vestaque
1144 801 1284 841 mater,

211 866 311 904 quae
332 852 502 889 Tuscum
523 852 699 889 Tiberim
720 858 761 888 et
783 851 956 887 Romana
979 850 1128 886 Palatia
1148 862 1291 892 servas,

210 907 316 943 hunc
337 907 479 942 saltem
502 919 638 942 everso
658 908 841 941 iuvenem
862 916 1087 940 succurrere
1109 903 1238 939 saeclo
1315 906 1391 937 500

212 974 260 996 ne
281 959 491 1009 prohibete
509 959 516 994 l
548 961 640 995 satis
662 962 737 994 iam
757 957 914 1007 pridem
935 958 1128 1006 sanguine
1150 960 1285 991 nostro

213 1013 535 1049 Laomedonteae
557 1013 699 1048 luimus
719 1013 889 1060 periuria
909 1010 1072 1053 Troiae3

211 1069 287 1102 iam
309 1065 462 1114 pridem
484 1066 598 1101 nobis
620 1065 719 1101 caeli
740 1069 782 1101 te
802 1065 923 1112 regia,
946 1063 1099 1104 Caesar,

213 1119 367 1154 invidet
388 1124 507 1168 atque
529 1119 736 1154 hominum
758 1119 936 1167 queritur
960 1129 1096 1152 curare
1118 1114 1364 1164 triumphos;

213 1174 361 1221 quippe
396 1172 461 1207 ubi
496 1171 554 1207 fas
586 1184 739 1207 versum
772 1175 893 1219 atque
927 1169 1036 1206 nefas
1054 1183 1061 1205 :
1093 1173 1154 1205 tot
1187 1168 1292 1204 bella
1323 1180 1393 1216 per

317 1225 465 1269 orbem,
1319 1224 1391 1257 505

213 1282 293 1313 tam
317 1277 466 1313 multae
488 1277 682 1313 scelerum
705 1275 847 1319 facies;
877 1288 956 1311 non
978 1275 1081 1312 ullus
1101 1280 1232 1311 aratro

211 1331 355 1379 diguus
376 1330 512 1373 honos]
535 1331 719 1379 squalent
738 1329 918 1365 abductis
938 1341 1029 1365 arva
1049 1328 1196 1364 colonis

211 1389 253 1420 et
274 1396 414 1420 curvae
435 1383 607 1432 rigidum
628 1383 748 1419 falces
770 1381 989 1418 conflantur
1007 1384 1047 1417 iu
1069 1393 1218 1417 ensem.

212 1437 304 1472 hinc
325 1442 460 1473 movet
480 1436 719 1484 Euphrates,
741 1435 850 1471 illinc
871 1434 1087 1471 Germania
1110 1434 1260 1470 bellum
1278 1445 1286 1477 3

212 1492 364 1526 vicinae
385 1492 512 1539 ruptis
532 1492 637 1525 inter
657 1501 697 1525 se
718 1488 872 1537 legibus
893 1489 1007 1524 urbes
1316 1489 1391 1522 510

211 1556 318 1579 arma
338 1542 470 1579 ferunt
488 1555 496 1586 ;
527 1545 651 1578 saevit
672 1546 757 1578 toto
780 1541 885 1577 Mars
905 1543 1048 1590 impius
1068 1541 1161 1577 orbe
1178 1554 1186 1577 ι

211 1601 255 1632 ut
277 1609 366 1631 cum
388 1596 608 1632 carceribus
630 1608 715 1631 sese
736 1593 910 1630 effudere
932 1594 1160 1643 quadrigae,

211 1648 367 1684 addunt
387 1651 425 1684 in
447 1651 587 1697 spatia,
608 1653 649 1684 et
669 1647 812 1683 frustra
833 1646 1051 1683 retinacula
1071 1647 1244 1683 tendens

194 1702 337 1737 vfertur
359 1705 469 1750 equis
490 1704 626 1750 auriga
647 1713 777 1751 neque
797 1701 911 1736 audit
930 1713 1064 1736 currus
1085 1700 1270 1736 habenas.

255 1787 301 1808 ⁵¹³
326 1790 460 1820 addunt
482 1791 515 1820 in
541 1790 652 1827 spatia
673 1787 790 1828 M272:
825 1789 957 1820 addunt
971 1789 1080 1829 spatio
1099 1788 1151 1818 M1
1170 1799 1178 1819 ι
1204 1788 1335 1820 addunt
1356 1787 1390 1818 in

211 1833 319 1872 spatio
337 1831 394 1871 7¹:
422 1832 552 1864 addunt
573 1833 681 1872 spatia
699 1833 727 1862 R
742 1845 751 1864 .·
776 1832 908 1863 addunt
923 1842 958 1864 se
974 1833 1009 1863 in
1027 1832 1133 1872 spatia
1152 1842 1177 1862 c.

214 2023 288 2055 114
