1430 2335
705 84 897 120 VIRGIL

201 159 387 209 deposuit
405 160 535 205 sulcis,
553 158 619 195 hie
640 161 783 209 stirpes
802 161 935 196 obruit
953 173 1044 196 arvo

201 221 524 271 quadrifidasque
545 221 663 258 sudes
684 225 726 258 et
744 226 860 258 acuto
880 222 1020 259 robore
1040 222 1186 266 va11033
1332 224 1380 257 25

202 283 467 333 silvarumque
487 284 587 320 aliae
606 295 760 332 pressos
780 286 1007 333 propaginis
1025 297 1137 320 arcus

202 349 441 394 exspectant
461 350 503 381 ek
525 347 609 380 viva
629 357 698 381 sua
718 344 915 394 plantaria
934 350 1062 389 terra;

201 407 256 442 nil
278 407 420 443 radicis
441 411 563 455 egent
582 405 682 442 aliae
702 418 980 455 summumque
1000 410 1160 455 putator

202 468 308 505 haud
328 468 487 505 dubitat
505 473 637 505 terrae
656 467 835 504 referens
855 467 1044 504 mandare
1064 481 1265 504 cacumen.

203 533 295 580 quin
317 535 359 567 et
379 529 603 566 caudicibus
624 532 741 566 sectis
761 528 960 580 (mirabile
980 528 1109 581 dictu)
1334 533 1382 565 30

202 591 377 629 truditur
396 605 417 628 e
438 594 541 628 sicco
562 591 674 627 radix
694 590 875 640 oleagina
890 591 1012 640 ligno·

203 659 244 690 et
263 666 381 703 saepe
399 653 563 690 alterius
581 665 707 688 ramos
727 655 889 702 impune
909 652 1086 689 videmus

202 720 358 752 vertere
379 718 419 751 in
440 715 614 759 alterius,
634 719 910 764 mutatamque
933 717 1050 751 insita
1070 713 1173 751 mala

202 777 306 814 serre
327 780 455 826 pirum
478 781 519 813 et
539 778 675 825 prunis
695 775 871 825 lapidosa
889 776 1101 813 rubescere
1121 788 1250 812 corna.

256 837 389 884 Quare
405 841 513 888 agite
526 840 738 886 oproprios
757 840 981 886 generatim
1001 837 1142 874 discite
1162 837 1304 881 cultus,
1335 841 1382 874 35

202 900 413 949 agricolae,
435 900 665 949 fructusque
686 898 789 936 feros
809 899 962 935 mollite
981 899 1163 944 colendo,

202 976 281 999 ncu
301 975 443 1012 segnes
463 965 619 998 iaceant
639 965 778 998 terrae.
836 963 945 998 iuvat
966 961 1113 998 Ismara
1135 961 1289 998 Baccho

203 1037 410 1061 conserere
431 1029 551 1073 atque
572 1023 659 1060 olea
680 1036 869 1072 magnum
891 1026 1034 1060 vestire
1055 1023 1293 1059 Taburnum.

202 1092 326 1136 tuque
346 1085 442 1122 ades
462 1088 750 1134 inceptumque
772 1097 847 1120 una
867 1084 1034 1121 decurre
1053 1084 1243 1129 laborem,

202 1162 224 1184 o
240 1147 373 1193 decus,
394 1160 416 1183 o
437 1146 565 1183 famae
585 1148 729 1182 merito
748 1158 837 1194 pars
856 1148 1026 1182 maxima
1045 1150 1215 1191 nostrae,
1334 1149 1384 1182 40

205 1209 430 1250 Maecenas,
452 1207 676 1256 pelagoque
697 1206 831 1243 volans
852 1207 901 1243 da
922 1206 1009 1243 vela
1029 1210 1198 1257 patenti.

201 1285 282 1308 non
302 1284 378 1320 ego
399 1275 544 1307 cuncta
563 1272 663 1306 meis
682 1269 875 1318 amplecti
894 1270 1070 1306 versibus
1090 1274 1201 1319 opto,

202 1346 282 1369 non
302 1331 401 1368 mihi
418 1334 450 1368 si
470 1331 631 1380 linguae
652 1335 815 1367 centum
835 1333 915 1367 sint
935 1343 1080 1381 oraque
1101 1337 1278 1378 centum,

202 1397 329 1434 ferrea
350 1409 434 1432 vox.
492 1395 587 1432 ades
609 1400 650 1432 et
668 1397 786 1444 primi
804 1394 896 1444 lege
915 1395 1040 1431 litoris
1061 1408 1190 1439 oram3

200 1464 242 1498 in
263 1461 443 1498 manibus
465 1465 619 1497 terrae:
648 1472 728 1496 non
740 1458 805 1496 hie
824 1464 867 1497 te
887 1462 1061 1496 carmine
1082 1460 1174 1496 ficto
1335 1465 1382 1498 45

200 1532 320 1575 atque
341 1538 414 1575 per
435 1525 624 1573 ambages
644 1529 687 1561 et
705 1523 824 1573 longa
844 1536 981 1561 exorsa
1000 1524 1160 1560 tenebo.

255 1590 407 1639 Sponte
428 1602 498 1626 sua
518 1600 618 1638 quae
640 1601 681 1625 se
701 1588 850 1625 tollunt
869 1591 911 1624 in
931 1588 1090 1624 luminis
1109 1601 1208 1635 oras,

200 1653 417 1691 infecunda
438 1652 616 1703 quidem,
635 1652 706 1689 sed
725 1652 830 1689 laeta
850 1657 893 1690 et
913 1652 1029 1689 fortia
1044 1658 1234 1702 surgunt3

201 1722 349 1769 quippe
365 1717 448 1755 solo
464 1722 604 1754 natura
619 1717 765 1753 subest.
798 1722 935 1754 tamen
951 1716 1050 1753 haec
1065 1730 1237 1767 quoque,
1252 1720 1282 1754 si
1298 1720 1384 1767 quis

668 1790 697 1809 ⁴⁷
723 1801 822 1822 :uuas
837 1790 905 1824 M2.

245 1888 258 1907 1
284 1889 384 1925 Here,
409 1898 444 1919 as
468 1888 504 1918 in
529 1887 664 1918 decurre
687 1888 723 1925 (1.
740 1888 804 1925 39),
822 1887 892 1918 and
915 1887 950 1918 in
968 1887 989 1919 l.
1010 1888 1060 1926 44,
1077 1888 1136 1919 the
1153 1891 1233 1927 poet
1257 1889 1383 1920 invites

201 1933 254 1963 his
284 1935 405 1971 patron
432 1934 466 1961 to
484 1930 557 1969 join
577 1931 648 1960 him
666 1931 699 1960 in
729 1940 748 1961 a
765 1940 895 1970 voyage
923 1941 967 1961 on
983 1940 1002 1960 a
1018 1930 1124 1961 broad
1146 1940 1215 1968 sea,
1241 1933 1382 1971 promis·

199 1976 272 2013 ing,
292 1976 458 2012 however,
476 1974 554 2004 that
577 1975 619 2004 he
637 1973 705 2003 will
729 1974 857 2014 merely
876 1973 960 2004 skirt
986 1973 1045 2004 the
1068 1974 1176 2005 shore.
1227 1975 1318 2006 'l'hus
1342 1976 1382 2006 he

205 2033 276 2065 118
