1430 2335
681 102 734 139 Vl
744 102 874 140 RGIL

183 192 291 216 nunc
310 181 433 215 etiam
451 180 649 226 interpres
667 178 815 223 divum,
836 178 930 215 Iove
950 181 1089 215 missus
1108 179 1157 215 ab
1177 181 1260 228 ipso

184 238 331 290 (testor
349 245 564 289 utrumque
584 239 735 290 caput),
756 239 896 276 celeris
915 239 1104 276 mandata
1123 253 1195 289 per
1213 253 1324 277 auras

184 301 334 338 detulit
346 314 356 347 ;
384 304 468 351 ipse
489 301 610 337 deum
630 301 842 338 manifesto
861 304 902 337 in
921 301 1071 338 lumine
1091 302 1171 338 vidi

184 365 404 400 intrantem
431 375 564 399 muros
585 375 802 412 vocemque
822 361 884 399 his
907 364 1065 400 auribus
1086 363 1207 400 hausi.

183 425 323 462 desine
342 437 487 475 meque
508 427 586 461 tuis
605 424 821 461 incendere
841 431 962 474 teque
982 424 1179 474 querellis.
1291 423 1366 461 360

186 486 347 523 Italiam
366 499 446 523 non
466 490 611 535 sponte
631 486 812 536 sequor.”

238 547 349 584 Talia
367 548 571 585 dicentem
590 547 822 584 iamdudum
841 560 976 584 aversa
994 552 1145 594 tuetur,

185 608 263 645 huc
282 609 377 646 illuc
396 608 560 645 volvens
578 608 726 654 oculos,
744 613 954 658 totumque
975 613 1152 658 pererrat

185 670 400 708 luminibus
419 672 552 707 tacitis
571 674 613 706 et
632 672 687 706 sic
706 683 871 707 accensa
890 670 1068 719 profatur
1084 683 1093 707 ι

185 735 210 753 “
223 745 298 768 nec
318 732 391 769 tibi
412 731 503 768 diva
522 744 677 780 parens,
697 734 854 781 generis
874 745 949 768 nec
971 731 1180 768 Dardanus
1199 736 1348 776 auctor,

186 794 346 844 perfide,
370 794 441 831 sed
461 794 569 830 duris
591 796 733 843 genuit
752 798 794 830 te
815 794 997 830 cautibus
1017 793 1182 830 horrens
1291 791 1367 830 366

186 855 393 901 Caucasus,
416 855 709 905 Hyrcanaeque
730 855 942 891 admorunt
961 855 1084 891 ubera
1102 857 1239 904 tigres.

185 930 276 954 nam
297 917 393 966 quid
410 916 615 953 dissimulo
634 921 705 953 aut
723 929 825 966 quae
844 929 908 953 me
929 916 979 953 ad
998 919 1145 952 maiora
1164 916 1349 952 reservo?

184 991 281 1015 num
301 978 396 1015 fletu
416 980 614 1027 ingemuit
633 979 797 1015 nostro?
852 991 946 1014 num
968 977 1118 1013 lumina
1137 976 1274 1014 flexit?

185 1053 280 1076 num
311 1040 492 1076 lacrimas
522 1041 652 1076 victus
683 1039 798 1076 dedit
829 1044 898 1076 aut
926 1041 1136 1076 miseratus
1165 1043 1367 1074 amantem
1392 1067 1397 1075 .

290 1107 351 1138 est
366 1103 380 1137 ?
1291 1101 1367 1137 370

186 1176 286 1213 quae
307 1163 449 1212 quibus
470 1162 724 1199 anteferam?
780 1164 857 1198 iam
878 1164 954 1198 iam
975 1174 1050 1198 nec
1076 1164 1245 1198 maxima
1268 1161 1367 1197 Iuno

185 1237 259 1262 nec
280 1224 486 1261 Saturnius
506 1223 605 1260 haec
625 1223 748 1261 oculis
769 1228 883 1273 pater
902 1226 1043 1272 aspicit
1062 1226 1209 1273 aequis.

184 1299 379 1336 nusquam
400 1291 487 1322 tuta
507 1285 615 1322 fides.
673 1288 847 1322 eiectum
866 1285 997 1330 litore,
1017 1290 1205 1334 egentem

185 1350 324 1397 excepi
344 1353 386 1384 et
405 1350 519 1397 regni
538 1347 703 1384 demens
721 1349 763 1383 in
781 1351 896 1396 parte
915 1346 1038 1383 locavi
1054 1358 1063 1390 ;

185 1412 369 1446 amissam
389 1409 566 1454 classem,
588 1411 712 1446 socios
732 1421 754 1444 a
773 1414 901 1445 morte
922 1408 1072 1444 reduxi.
1097 1422 1101 1425 ·
1289 1410 1364 1447 375

185 1471 263 1508 heu
283 1471 290 1507 !
321 1470 432 1507 furiis
452 1473 615 1507 incensa
634 1470 762 1506 feror:
791 1483 897 1506 nune
916 1482 1043 1518 augur
1062 1469 1219 1518 Apollo,

184 1546 292 1570 nunc
313 1532 457 1582 Lyciae
477 1537 617 1577 sortes,
637 1545 743 1568 nunc
762 1536 805 1568 et
825 1531 918 1568 Iove
938 1534 1077 1568 missus
1096 1531 1146 1566 ab
1166 1533 1250 1579 ipso

184 1597 383 1643 interpres
404 1593 538 1629 divum
559 1593 638 1629 fert
658 1592 815 1629 horrida
834 1594 936 1629 iussa
954 1604 1027 1642 per
1045 1605 1170 1629 auras,

185 1656 338 1694 scilicet
358 1657 389 1691 is
410 1657 562 1704 superis
581 1654 693 1691 labor
712 1659 784 1700 est,
806 1667 852 1691 ea
871 1667 963 1690 cura
982 1656 1136 1704 quietos

184 1717 386 1755 sollicitat.
444 1728 575 1766 neque
596 1721 638 1753 te
657 1721 779 1753 teneo
798 1728 929 1766 neque
950 1714 1057 1751 dieta
1078 1714 1241 1751 refello:
1288 1718 1364 1751 380

185 1783 210 1824 i,
232 1793 398 1830 sequere
422 1779 577 1815 Italiam
597 1780 739 1821 ventis,
760 1782 855 1827 pete
875 1790 998 1825 regna
1018 1789 1088 1826 per
1107 1776 1245 1812 undas.

185 1855 301 1891 spero
321 1840 508 1890 equidem
528 1839 681 1885 mediis,
702 1841 734 1874 si
753 1838 849 1888 quid
869 1840 934 1888 pia
953 1840 1116 1874 numina
1135 1842 1312 1886 possunt,

185 1903 378 1952 supplicia
397 1902 611 1938 hausurum
632 1900 802 1949 scopulis
822 1904 864 1937 et
883 1902 1043 1936 nomine
1063 1898 1170 1935 Dido

188 1978 306 2014 saepe
328 1968 571 2000 vocaturum.
630 1974 771 2011 sequar
789 1963 885 1998 atris
904 1961 1062 2010 ignibus
1080 1961 1221 1996 absens

314 2024 358 2043 ³²4
383 2024 515 2065 suscepi
530 2023 696 2055 Priscian.
891 2021 935 2041 ³²⁸
959 2021 1064 2061 iussa]
1080 2021 1170 2052 dicta
1186 2021 1234 2051 M.

187 2073 264 2105 420
