1430 2335
653 88 846 125 VIRGIL

210 162 265 196 At
287 161 435 199 Phoebi
455 163 631 199 nondum
652 168 821 213 patiens,
840 166 1024 201 immanis
1042 165 1084 200 in
1102 168 1215 200 antro

159 214 370 252 bacchatur
389 221 511 263 vates,
530 230 719 266 magnum
738 220 770 254 si
787 222 951 267 pectore
968 220 1094 267 possit

157 271 373 306 excussisse
392 269 510 306 deum
527 282 536 314 3
564 275 678 307 tanto
698 274 823 321 magis
840 271 909 308 ille
927 270 1071 320 fatigat

157 335 198 357 os
211 323 404 368 rabidum,
417 322 500 359 fera
513 324 630 360 corda
642 323 820 370 domans,
833 324 1026 374 fingitque
1039 323 1266 373 premendo.
1283 327 1332 360 80

156 377 256 411 ostia
273 378 430 426 iamque
450 376 589 417 domus
608 383 774 426 patuere
792 380 972 428 ingentia
991 382 1193 424 centum-‘²

156 434 299 477 sponte
318 442 387 466 sua
404 432 583 480 vatisque
604 431 739 467 serunt
757 444 944 480 responsa
962 443 1033 481 per
1051 444 1162 468 auras
1177 444 1185 468 ι

155 486 216 517 “o
236 482 401 519 tandem
421 487 576 533 magnis
595 485 729 534 pelagi
749 484 939 521 defuncte
959 484 1116 534 periclis

155 535 243 585 (sed
263 541 392 573 terrae
412 540 588 586 graviora
608 537 803 588 manent),
821 540 863 574 in
881 551 1005 588 regna
1025 537 1164 574 Lavini

156 588 409 627 Dardanidae
429 593 594 627 venient
612 590 750 641 (mitte
768 591 871 628 hanc
890 592 941 628 de
962 597 1124 641 pectore
1143 589 1320 642 curam);

155 642 225 679 sed
244 657 323 679 non
344 650 386 680 et
405 647 559 682 venisse
578 644 725 682 volent.
782 644 900 691 bella,
918 644 1078 681 horrida
1095 645 1201 681 bella
1283 643 1332 681 86

155 702 198 733 et
218 696 408 746 Thybrim
428 699 555 735 multo
574 704 827 748 spumantem
846 700 1038 748 sanguine
1058 711 1185 735 cerno.

154 763 234 787 non
254 750 396 788 Simois
416 752 488 788 tibi
507 765 582 789 nec
602 752 788 789 Xanthus
806 764 881 789 nec
901 752 1047 789 Dorica
1065 756 1193 788 eastra

153 803 379 849 defuerint3
406 805 505 842 alius
524 805 639 842 Latio
657 808 736 841 iam
756 810 891 855 partus
913 805 1103 851 Achilles,

152 862 269 894 natus
289 863 331 895 et
348 861 434 908 ipse
454 859 529 896 dea
545 872 555 903 3
582 872 658 896 nec
676 859 838 896 Teucris
857 859 994 895 addita
1014 859 1114 896 Iuno
1281 852 1331 890 90

152 923 318 960 usquam
338 913 477 958 aberit,
495 925 585 949 cum
603 917 649 950 tu
668 912 835 962 supplex
854 915 895 949 in
913 912 1032 950 rebus
1052 913 1189 961 egenis

153 978 248 1014 quas
268 969 401 1014 gentis
421 965 567 1002 Italum
586 970 656 1003 aut
676 979 772 1016 quas
790 979 871 1003 non
890 968 1059 1002 oraveris
1077 966 1192 1002 urbes
1210 964 1218 1001 !

152 1032 268 1054 causa
287 1019 380 1054 mali
400 1022 502 1055 tanti
521 1022 692 1056 coniunx
710 1022 856 1056 iterum
875 1019 1034 1070 hospita
1052 1019 1214 1056 Teucris

152 1074 387 1122 externique
403 1075 549 1110 iterum
565 1072 744 1111 thalami.
1314 1115 1326 1120 „

151 1131 195 1162 tu
216 1139 266 1162 ne
287 1126 385 1162 cede
404 1127 531 1173 malis,
550 1127 620 1164 sed
641 1131 777 1163 contra
795 1126 1004 1163 audentior
1023 1127 1090 1171 ito,
1279 1114 1328 1152 9⁰

151 1192 267 1228 quam
289 1184 357 1215 tua
376 1185 417 1217 te
440 1180 613 1217 Fortuna
631 1182 748 1217 sinet.
802 1182 863 1216 via
882 1181 1009 1229 prima
1026 1179 1176 1225 salutis,

151 1232 254 1282 quod
275 1236 438 1269 minime
457 1236 566 1278 reris,
588 1233 706 1270 Graia
724 1233 922 1283 pandetur
940 1233 989 1269 ab
1009 1232 1144 1269 urbe.''

203 1286 363 1322 Talibus
383 1300 431 1323 ex
450 1287 571 1336 adyto
590 1287 707 1324 dictis
727 1287 899 1323 Cumaea
918 1286 1066 1336 Sibylla

150 1338 368 1376 horrendas
387 1343 495 1377 canit
512 1340 701 1390 ambages
719 1346 912 1390 antroque
931 1342 1119 1389 remugit,

150 1394 325 1430 obscuris
344 1407 435 1431 vera
452 1394 658 1431 involvens
675 1406 685 1438 ;
713 1407 760 1431 ea
778 1393 890 1430 frena
909 1393 1059 1430 furenti
1254 1396 1327 1428 100

150 1450 329 1484 concutit
347 1452 389 1485 et
409 1447 588 1484 stimulos
608 1448 680 1484 sub
699 1453 862 1497 pectore
882 1449 1004 1484 vertit
1021 1446 1178 1496 Apollo.

207 1544 237 1562 ⁷⁸
285 1548 373 1576 osset
390 1545 430 1577 R.

206 1586 237 1605 ⁸²
259 1555 347 1619 tperra
362 1588 399 1618 R.
418 1588 531 1618 known
546 1592 577 1619 to
593 1587 735 1619 Servius.
783 1587 899 1618 Latini
915 1586 1030 1618 knoum
1045 1591 1075 1618 to
1092 1586 1237 1618 Servius.

206 1630 235 1649 ⁰⁶
260 1641 361 1668 quam
377 1631 487 1667 MSS„
506 1631 659 1662 Servius:
682 1641 749 1669 qua
766 1630 883 1661 Seneca
902 1631 973 1670 (Ep.
994 1637 1144 1661 LXXXII.
1166 1631 1230 1667 18).

192 1722 204 1741 ¹
229 1724 298 1754 The
329 1724 452 1755 Simois
475 1723 543 1755 and
574 1724 735 1754 Xanthus
761 1725 796 1754 of
831 1722 1004 1763 Troyland
1028 1723 1098 1753 will
1126 1723 1212 1753 have
1237 1722 1327 1753 their

147 1771 386 1806 counterparts
401 1767 436 1797 iu
454 1767 512 1798 the
528 1767 708 1798 Numicius
722 1766 791 1798 and
808 1767 907 1798 Tiber
923 1767 959 1798 of
974 1766 1123 1811 Latium.

190 1809 202 1828 ²
225 1809 275 1840 i.e.
296 1810 438 1841 Turnus.

192 1851 204 1870 ³
231 1853 383 1889 Lavinia,
409 1853 525 1884 xvooed
548 1853 594 1893 by
616 1853 759 1890 Turnus,
783 1852 847 1883 but
868 1851 1009 1884 wedded
1032 1853 1068 1883 to
1091 1852 1231 1887 Aeneas,
1256 1851 1327 1882 will

148 1896 188 1926 be
206 1896 264 1926 the
278 1896 404 1926 second
420 1896 541 1927 Helen.

198 1938 211 1956 ⁴¹
233 1940 263 1968 A
289 1938 384 1969 Stoic
409 1939 549 1969 maxim.
595 1938 667 1969 The
688 1938 794 1969 brave
817 1948 896 1968 man
919 1947 998 1977 may
1025 1938 1092 1968 rise
1114 1937 1266 1977 superior
1291 1940 1327 1969 to

148 1982 295 2020 fortune,
318 1981 475 2012 however
499 1981 649 2012 adverse.
702 1981 774 2013 The
798 1980 940 2020 reading
963 1991 1028 2021 qua
1060 1981 1186 2020 (“with
1208 1980 1327 2012 bolder

149 2039 225 2072 512
