1430 2335
658 97 853 134 VIRGIL

168 174 348 207 constitit
367 174 406 208 in
426 172 572 221 digitos
590 174 792 222 extemplo
810 177 985 210 arrectus
1003 177 1172 223 uterque

168 224 426 275 bracchiaque
445 226 495 262 ad
514 239 674 275 superas
693 230 898 263 interritus
917 227 1062 263 extulit
1079 239 1202 265 auras.

166 278 367 315 abduxere
382 285 487 316 retro
504 279 624 329 longe
642 283 773 329 capita
790 280 912 317 ardua
929 281 978 316 ab
994 283 1078 317 ictu

166 334 469 382 immiscentque
488 347 627 369 manus
646 334 826 370 manibus
845 346 1098 383 pugnamque
1118 333 1328 378 lacessunt,

164 384 232 421 ille
250 385 399 434 pedum
419 386 557 423 melior
575 392 687 423 motu
705 387 910 436 fretusque
928 390 1102 432 iuventa,
1262 390 1338 423 430

165 437 229 474 1110
249 440 436 476 membris
455 445 497 477 et
515 441 619 477 mole
641 440 774 477 valens
791 441 899 485 ;.sed
913 440 1026 477 tarda
1045 443 1235 477 trementi

164 504 296 540 genua
318 492 467 538 labant,
490 499 619 530 vastos
639 497 768 543 quatit
786 507 906 543 aeger
923 493 1123 530 anhelitus
1142 499 1261 533 artus.

165 545 290 581 multa
309 548 381 582 viri
399 550 639 597 nequiquam
658 550 763 584 inter
782 560 823 584 se
843 547 1002 583 volnera
1020 550 1182 593 iactant,

162 599 289 636 multa
308 613 402 636 cavo
422 600 537 637 lateri
553 603 802 649 ingeminant
821 605 863 637 et
882 606 1044 649 pectora
1063 605 1194 636 vastos

163 652 262 689 dant
281 656 445 699 sonitus,
464 659 648 703 erratque
671 657 774 690 auris
797 659 839 691 et
859 659 1038 702 tempora
1060 657 1206 690 circuni
1263 657 1337 690 4535

163 707 299 742 crebra
319 720 470 753 manus,
490 708 587 743 duro
608 710 807 757 crepitant
825 708 897 743 sub
918 707 1077 744 volnere
1096 708 1233 744 malae.

163 765 243 795 stat
262 763 388 808 gravis
411 761 593 798 Entellus
612 764 778 811 nisuque
799 764 986 797 immotus
1006 761 1162 806 eodem,

163 826 325 862 corpore
345 814 426 850 tela
444 815 562 851 modo
580 820 700 864 atque
720 814 842 850 oculis
860 814 1115 863 vigilantibus
1141 816 1235 851 exit.

162 866 244 912 ille,
264 867 374 904 velut
393 869 536 904 celsam
557 873 761 917 oppugnat
781 870 848 917 qui
867 868 1037 904 molibus
1056 868 1196 903 urbem

162 926 229 956 aut
250 926 439 957 montana
457 921 573 958 sedet
592 924 738 957 circum
761 921 924 958 castella
943 922 1015 958 sub
1033 923 1164 966 armis,
1263 923 1339 955 440

163 987 269 1010 nunc
290 974 373 1020 hos,
392 988 498 1011 nunc
517 975 604 1011 illos
623 975 754 1011 aditus
774 987 1012 1024 omnemque
1033 978 1211 1023 pererrat

161 1033 247 1064 arte
267 1028 396 1064 locum
417 1034 458 1065 et
478 1031 591 1065 variis
611 1028 832 1065 adsultibus
851 1030 993 1064 inritus
1012 1033 1139 1076 urget.

161 1082 340 1118 ostendit
357 1082 537 1118 dextram
557 1085 766 1130 insurgens
785 1081 969 1118 Entellus
988 1086 1030 1118 et
1047 1081 1128 1118 alte

161 1136 328 1178 extulit;
359 1136 424 1172 ille
444 1138 567 1171 ictum
587 1139 814 1172 venientem
835 1148 857 1171 a
875 1137 1024 1171 vertice
1044 1134 1157 1171 velox

161 1190 357 1237 praevidit
377 1189 576 1238 celerique
597 1189 752 1237 elapsus
772 1201 935 1237 corpore
955 1191 1097 1232 cessit3
1262 1191 1338 1224 445

161 1242 345 1279 Entellus
365 1245 453 1278 viris
473 1245 513 1278 in
533 1248 697 1278 ventum
717 1241 855 1278 effudit
876 1247 917 1278 et
936 1242 1041 1278 ultro

160 1298 245 1345 ipse
264 1298 393 1344 gravis
412 1299 663 1345 graviterque
685 1295 733 1331 ad
755 1301 901 1332 terram
920 1295 1097 1344 pondere
1117 1299 1226 1330 vasto

160 1350 347 1394 concidit,
392 1355 438 1385 ut
483 1350 683 1399 quondam
742 1361 835 1385 cava
880 1348 1056 1385 concidit
1100 1353 1170 1384 aut
1216 1347 1314 1396 Ery-

263 1403 427 1439 mantho
1234 1414 1340 1438 MPRV

158 1461 227 1492 aut
249 1456 319 1492 Ida
340 1459 379 1492 in
399 1469 543 1505 magna
563 1456 760 1492 radicibus
781 1460 893 1491 eruta
912 1457 1040 1504 pinus.

159 1515 404 1559 ccmsurgunt
424 1510 565 1546 studiis
585 1509 728 1545 Teucri
749 1514 790 1545 et
810 1508 1012 1544 Trinacria
1030 1508 1180 1557 pubes;
1261 1512 1337 1544 450

158 1566 190 1599 it
209 1564 355 1599 clamor
374 1563 497 1609 caelo,
518 1566 747 1612 primusque
766 1565 937 1598 accurrit
962 1562 1129 1598 Acestes

156 1629 481 1666 aequaevumque
501 1617 550 1653 ab
569 1616 690 1653 humo
710 1618 899 1652 miserans
919 1615 1070 1651 attollit
1089 1617 1272 1652 amicum.

158 1675 201 1706 at
220 1683 299 1706 non
320 1670 499 1706 tardatus
519 1683 609 1706 casu
631 1681 761 1719 neque
782 1671 948 1705 territus
968 1668 1086 1705 heros

156 1726 280 1759 acrior
299 1723 347 1759 ad
370 1737 545 1772 pugnam
565 1723 670 1760 redit
689 1736 732 1758 ac
753 1725 832 1758 vim
853 1724 1017 1758 suscitat
1035 1723 1102 1758 ira.

155 1782 240 1813 tum
263 1777 389 1825 pudor
409 1777 589 1813 incendit
609 1779 698 1812 viris
719 1781 761 1812 et
781 1778 936 1812 conscia
956 1778 1092 1820 virtus,
1261 1778 1335 1811 455

157 1833 496 1880 praecipitemque
518 1830 653 1866 Daren
672 1829 815 1866 ardens
830 1832 914 1878 agit
933 1841 1103 1877 aequore
1123 1833 1223 1873 toto,

156 1896 261 1920 nunc
281 1884 422 1920 dextra
441 1886 693 1933 ingeminans
713 1886 828 1928 ictus,
849 1895 955 1918 nunc
974 1882 1042 1918 ille
1063 1884 1230 1918 sinistra.

326 1952 373 1971 ⁴¹³⁵
397 1954 547 1984 sonitum
565 1953 595 1983 P
835 1949 881 1969 ‘¹⁴⁶
906 1950 1047 1982 effundit
1063 1948 1119 1981 Pl.

327 1994 371 2012 ⁴⁴⁹
396 1996 559 2027 radicitus
570 1996 608 2027 R.
835 1993 880 2012 '²⁵⁷
905 1994 976 2032 ille]
993 1994 1116 2025 deinde
1136 1994 1183 2024 M.

155 2060 232 2096 474
