1430 2335
656 102 848 138 VIRGIL

167 181 285 218 molle
306 193 424 230 pecus
444 180 694 229 scabiemque
713 179 816 215 ferat
836 181 1040 228 turpisque
1059 179 1263 228 podagras.

167 240 256 284 post
275 234 368 270 hinc
388 233 586 282 digressus
605 233 723 269 iubeo
742 232 969 269 frondentia
988 236 1113 281 capris
1264 233 1339 270 300

166 289 306 324 arbuta
327 286 501 323 sufficere
522 291 565 323 et
583 286 716 322 fluvios
737 287 925 334 praebere
946 289 1128 331 recentis,

168 346 210 378 et
228 340 382 377 stabula
401 353 423 375 a
442 342 571 376 ventis
590 339 756 375 hiberno
775 352 974 388 opponere
995 339 1065 375 soli

168 394 216 430 ad
236 393 412 430 medium
432 406 618 429 conversa
638 392 756 437 diem,
778 406 867 428 cum
887 392 1052 441 frigidus
1071 392 1164 428 olim

168 451 243 484 iam
264 447 371 483 cadit
389 452 646 496 extremoque
666 449 813 482 inrorat
832 445 1027 494 Aquarius
1047 459 1160 481 anno.

168 501 266 537 haec
285 513 442 550 quoque
463 513 542 536 non
563 512 655 536 cura
673 500 786 535 nobis
805 499 950 535 leviore
970 499 1157 544 tuendae,
1265 500 1340 537 3υό

168 568 242 591 nee
260 557 388 590 minor
408 566 498 590 usus
518 555 607 598 erit,
626 555 801 602 quamvis
824 552 976 589 Milesia
995 565 1140 601 magno

168 608 316 644 vellera
333 612 542 643 mutentur
559 606 696 656 Tyrios
716 608 871 642 incocta
890 606 1064 642 rubores.

168 661 327 697 densior
346 660 438 697 hinc
457 659 626 705 suboles,
647 659 739 695 hinc
759 659 857 707 largi
877 661 988 707 copia
1007 659 1118 695 lactis
1136 671 1145 702 3

169 728 285 764 quam
305 717 428 762 magis
449 713 640 750 exhausto
660 715 900 761 spumaverit
920 713 1041 749 ubere
1061 712 1243 758 mulctra,

169 768 274 804 laeta
293 770 417 816 inagis
436 770 577 816 pressis
596 767 815 802 manabunt
835 765 992 801 flumina
1011 769 1201 802 mammis.
1265 766 1341 804 310

168 834 244 857 nee
262 823 391 857 minus
410 823 563 856 interea
582 820 720 856 barbas
740 822 958 868 incanaque
978 825 1114 855 menta

170 874 353 924 Cinyphii
374 873 546 911 tondent
564 873 661 909 hirci
683 878 889 922 saetasque
909 875 1100 909 comantis

171 941 282 964 usum
304 930 344 963 in
364 933 579 964 castrorum
600 932 642 963 et
655 929 806 963 miseris
827 926 1020 962 velamina
1040 928 1180 962 nautis.

170 986 384 1029 pascuntur
402 993 494 1017 vero
513 980 627 1016 silvas
647 985 689 1016 et
709 992 860 1016 sumina
879 980 1038 1028 Lycaei,

170 1035 446 1083 horrentisque
467 1035 582 1070 rubos
602 1039 643 1070 et
657 1035 825 1069 amantis
845 1033 965 1069 ardua
985 1033 1147 1075 dumos;
1267 1032 1342 1070 315

169 1094 289 1137 atque
309 1090 415 1136 ipsae
436 1100 630 1124 memores
650 1087 821 1123 redeunt
840 1088 879 1121 in
899 1091 1008 1122 tecta
1027 1098 1194 1135 suosque

170 1141 323 1177 ducunt
343 1146 385 1177 et
404 1140 565 1190 gravido
585 1145 774 1189 superant
794 1142 856 1175 vix
878 1140 998 1176 ubere
1018 1139 1151 1175 limen.

171 1208 265 1243 ergo
285 1197 391 1230 omni
412 1194 542 1230 studio
563 1194 730 1243 glaciem
752 1199 969 1242 ventosque
990 1193 1141 1238 nivalis,

170 1261 247 1297 quo
267 1251 395 1284 minor
414 1253 476 1284 est
496 1247 572 1283 illis
592 1260 707 1283 curae
726 1246 902 1283 mortalis
924 1251 1093 1294 egestas,

169 1306 337 1346 avertes,
358 1303 585 1350 victumque
604 1300 708 1336 feres
728 1305 770 1336 et
789 1302 923 1348 virgea
943 1299 1070 1336 laetus
1267 1299 1344 1337 320

170 1354 326 1403 pabula,
345 1367 420 1391 nec
439 1359 525 1391 tota
544 1353 704 1390 claudes
724 1353 884 1389 faenilia
903 1354 1050 1389 bruma.

170 1414 211 1445 at
231 1421 323 1444 vero
343 1407 532 1457 Zephyris
552 1420 641 1443 eum
661 1406 766 1443 laeta
785 1406 1015 1442 vocantibus
1034 1410 1162 1442 aestas

170 1464 210 1497 in
233 1461 354 1498 saltus
375 1467 587 1509 utrumque
607 1472 770 1509 gregem
792 1464 912 1508 atque
931 1462 973 1495 in
993 1472 1135 1508 pascua
1154 1461 1306 1505 mittet,

173 1514 343 1551 Luciferi
363 1516 489 1563 primo
509 1527 598 1550 cum
618 1513 746 1549 sidere
768 1513 910 1561 frigida
929 1526 1016 1549 rura

171 1581 387 1616 carpamuS,
401 1567 496 1604 dum
514 1579 631 1603 mane
647 1579 802 1611 novum,
822 1566 916 1602 dum
937 1568 1114 1615 gramina
1134 1570 1292 1610 canent,

172 1627 213 1658 et
232 1634 293 1657 ros
314 1624 355 1657 in
375 1626 513 1658 tenera
533 1622 666 1669 pecori
684 1622 930 1669 gratissimus
950 1619 1081 1656 herba.
1272 1619 1344 1656 326

213 1697 257 1717 ³⁰⁵
281 1698 364 1729 haec
388 1722 395 1729 .
424 1722 430 1729 .
459 1723 466 1729 .
494 1696 645 1729 tuendae
662 1696 728 1735 FB,
751 1697 900 1728 Servius:
926 1696 1010 1727 haec
1037 1721 1043 1727 .
1070 1719 1077 1727 .
1106 1720 1113 1727 .
1138 1694 1269 1727 tuenda
1285 1694 1346 1728 M:

171 1742 235 1773 hae
259 1765 266 1772 .
294 1765 301 1771 .
330 1765 336 1772 .
366 1740 515 1772 tuendae
533 1741 573 1772 P.

214 1783 258 1802 ³⁰⁷
283 1783 411 1814 colores
427 1784 467 1815 R.
813 1780 858 1801 ⁸⁰⁸
882 1782 937 1813 hic
953 1781 1040 1824 largi
1057 1782 1093 1814 F.

216 1826 259 1845 ³⁰⁹
283 1837 351 1866 quo
368 1826 407 1857 R.

214 1869 262 1931 ἒξ
282 1869 557 1943 ῗιίιῑωιίὶῑῖειὲιὼθπᾶ
574 1868 645 1907 PR,
664 1869 806 1907 Nonius,
826 1868 944 1900 known.
956 1871 985 1899 to
1000 1866 1250 1907 Philargyrius.

215 1954 258 1974 ³¹⁶
280 1922 487 1987 innilemoises
504 1954 555 1985 M.

215 1997 258 2016 ³²³
282 1998 400 2029 mittes
417 1997 588 2028 FM²PR,·
620 1997 738 2028 mittet
755 1995 824 2028 Ml.

175 2059 244 2096 176
