1430 2335
676 91 869 128 VIRGIL

231 170 254 188 ‘⁶
272 164 382 202 Talia
401 166 605 215 perstabat
623 179 848 203 memorans
867 165 1043 215 fixusque
1063 165 1258 202 manebat.
1281 162 1357 201 650

177 241 248 266 nos
268 241 338 264 con
347 233 406 263 tra
426 226 536 264 effusi
555 227 726 265 lacrimis
747 230 998 277 coniunxque
1020 226 1166 264 Creusa

177 292 449 339 Ascaniusque
469 292 675 339 omnisque
696 289 850 335 domus,
870 301 922 326 ne
941 293 1097 326 vertere
1116 300 1250 325 secum

178 356 320 388 cuncta
339 356 454 401 pater
474 350 636 400 fatoque
659 353 819 400 urgenti
839 350 1071 387 incumbere
1092 349 1225 387 vellet.

176 413 351 462 abnegat
369 415 609 462 inceptoque
631 417 672 448 et
692 413 852 449 sedibus
871 412 1013 449 haeret
1032 414 1072 448 in
1092 411 1229 448 isdem.

177 487 310 511 rursus
328 477 370 510 in
388 487 496 511 arma
517 474 621 510 feror
637 479 887 524 mortemque
900 475 1142 510 miserrimus
1155 478 1260 522 opto,
1282 470 1357 510 655

177 550 268 572 nam
288 535 394 586 quod
414 535 620 572 eonsilium
640 541 709 572 aut
728 548 830 585 quae
849 538 930 572 iam
949 535 1109 571 fortuna
1129 535 1326 571 dabatur?

178 603 188 618 ‘
202 610 319 634 mene
339 597 476 634 efferre
496 596 656 646 pedem,
675 599 848 647 genitor,
866 602 908 634 te
930 610 1045 647 posse
1064 597 1207 633 relicto

177 660 356 708 sperasti,
377 663 615 707 tantumque
636 657 746 694 nefas
765 661 894 708 patrio
915 658 1065 694 excidit
1084 658 1180 694 ore?

177 724 208 758 si
228 720 329 757 nihil
349 733 397 756 ex
418 725 529 756 tanta
549 722 700 769 superis
719 719 853 769 placet
872 720 969 756 urbe
989 719 1171 768 relinqui,

177 787 220 821 et
238 781 354 819 sedet
374 781 448 818 hoc
467 783 599 818 animo
619 784 898 831 perituraeque
918 781 1066 817 addere
1087 780 1228 818 Troiae
1283 779 1359 818 660

178 849 298 894 teque
319 849 486 893 tuosque
505 845 625 890 iuvat,
647 848 762 893 patet
779 845 846 880 isti
866 845 982 880 ianua
1000 842 1097 888 leto,

177 909 332 955 iamque
352 905 482 941 aderit
502 906 630 942 multo
651 904 795 945 Priami
815 904 866 942 de
887 906 1081 953 sanguine
1102 904 1288 954 Pyrrhus,

176 972 342 1018 gnatum
363 972 459 1004 ante
479 980 546 1003 ora
562 969 700 1016 patris,
715 972 870 1016 patrem
887 968 955 1016 qui
971 966 1182 1003 obtruncat
1197 966 1246 1003 ad
1261 980 1351 1005 aras

176 1029 251 1066 hoc
272 1033 369 1074 erat,
387 1029 491 1065 alma
512 1041 666 1078 parens,
687 1028 794 1077 quod
814 1040 878 1065 me
898 1040 970 1077 per
990 1027 1083 1073 tela,
1103 1041 1175 1077 per
1194 1030 1297 1078 ignis

177 1093 308 1141 eripis,
330 1096 374 1127 ut
395 1089 535 1126 inediis
556 1090 713 1126 hostem
732 1092 771 1126 in
793 1089 1065 1139 penetralibus
1085 1095 1210 1139 utque
1282 1089 1358 1128 655

156 1153 391 1195 “Ascanium
411 1157 646 1201 patremque
665 1165 799 1188 meum
821 1154 1010 1200 iuxtaque
1030 1151 1216 1188 Creusam

175 1214 348 1251 alterum
369 1216 408 1249 in
428 1213 591 1250 alterius
611 1218 804 1250 mactatos
824 1215 1017 1262 sanguine
1039 1215 1226 1249 cernam?

176 1289 298 1321 arma,
319 1277 402 1320 viri,
424 1274 527 1311 ferte
547 1287 678 1318 ar1na3
707 1279 822 1315 vocat
842 1274 910 1311 lux
930 1274 1071 1311 ultima
1093 1277 1228 1313 victos.

178 1337 337 1374 reddite
358 1349 420 1373 me
444 1336 616 1381 Danais;
638 1338 754 1372 sinite
775 1339 991 1372 instaurata
1011 1338 1177 1373 revisam

179 1398 338 1447 proelia.
370 1389 585 1447 iiumquam
601 1409 737 1433 omnes
753 1397 870 1433 hodie
884 1399 1097 1433 moriemur
1110 1398 1252 1435 inulti.'
1309 1401 1358 1438 70

223 1465 247 1480 “
265 1461 372 1496 Hinc
394 1459 496 1503 ferro
515 1461 700 1508 accingor
719 1471 850 1494 rursus
870 1458 1078 1508 clipeoque
1099 1461 1296 1496 sinistram

177 1523 418 1559 insertabam
438 1511 579 1571 aptans
599 1533 742 1571 meque
764 1526 875 1557 extra
895 1525 1004 1557 tecta
1024 1520 1213 1559 ferebam.

177 1594 269 1619 ecce
288 1586 423 1617 autem
443 1579 649 1629 complexa
669 1579 794 1629 pedes
813 1582 851 1614 in
873 1579 1010 1615 limine
1032 1582 1203 1616 coniunx
1259 1594 1358 1619 Fm‘v

177 1643 369 1679 haerebat
388 1654 632 1692 parvumque
651 1643 756 1690 patri
774 1641 971 1677 tendebat
993 1640 1145 1678 Iulum:

178 1710 187 1725 ⁴
200 1707 233 1740 si
253 1706 451 1754 periturus
470 1703 566 1747 abis,
588 1707 629 1738 et
648 1715 719 1739 nos
739 1715 833 1752 rape
853 1705 895 1738 in
914 1705 1046 1738 omnia
1066 1708 1222 1747 tecum;
1281 1703 1356 1743 675

177 1768 235 1801 sin
256 1765 428 1815 aliquam
450 1769 638 1814 expertus
658 1766 826 1813 sumptis
847 1776 960 1813 spem
979 1766 1094 1812 ponis
1115 1766 1154 1800 in
1174 1768 1305 1812 armis,

176 1826 278 1863 hanc
298 1829 470 1876 primum
489 1831 623 1862 tutare
643 1824 815 1862 domum.
875 1827 937 1861 cui
956 1838 1097 1874 parvus
1118 1825 1239 1872 Iulus,
1304 1849 1307 1856 ι
1356 1816 1402 1860 Ὗ

157 1890 238 1938 ‘cui
259 1881 374 1938 pater
394 1893 434 1924 et
455 1890 626 1924 coniunx
646 1887 846 1938 quondam
865 1880 934 1924 tua
953 1888 1060 1923 dicta
1080 1888 1305 1938 relinquor?
1320 1889 1330 1902 ²

220 1957 264 1975 ⁶⁶³
288 1961 430 1996 gnatum
450 1958 509 1988 JI:
533 1961 653 1987 natum
670 1955 745 1987 PV.
796 1958 995 1994 patremque
1010 1956 1080 1995 M7.

220 2000 263 2018 ⁰⁶²
288 2002 438 2032 mactato
455 1999 568 2031 MPV.
660 1998 703 2018 ⁶⁷²
729 1999 848 2038 cingor
863 1998 921 2031 ΡΙ.
1013 1998 1056 2017 ⁶⁷⁸
1080 1999 1248 2038 relinquar
1267 2002 1327 2033 511¹.

179 2048 253 2081 338
