1430 2335
682 95 872 132 VIRGIL

189 175 309 208 vomis
330 177 372 209 et
392 172 521 208 inflexi
543 175 711 221 primum
734 186 851 221 grave
872 174 990 210 robur
1009 177 1140 219 aratri,

187 236 378 285 tardaque
400 236 609 273 Eleusinae
630 240 764 273 matris
785 237 983 274 volventia
1003 238 1188 287 plaustra,

187 300 410 349 tribulaque
430 300 673 350 traheaeque
694 306 735 338 et
756 304 890 351 iniquo
910 302 1086 351 pondere
1108 305 1245 346 rastri3

188 367 318 413 virgea
340 370 545 413 praeterea
566 365 673 402 Celei
694 365 860 415 vilisque
880 367 1075 416 supelleX,
1294 368 1364 405 165

186 429 373 465 arbuteae
395 434 522 465 crates
544 434 585 466 et
605 432 771 479 mystica
792 443 941 467 vannus
963 431 1104 467 Iacchi.

186 495 316 528 onmia
335 506 435 542 quae
457 493 582 530 multo
602 499 695 530 ante
716 507 866 530 memor
885 497 1037 543 provisa
1057 508 1237 544 repones,

186 559 217 592 si
238 562 278 593 te
299 556 419 605 digna
441 562 576 594 manet
597 557 720 594 divini
740 558 864 607 gloria
884 562 994 595 ruris.

186 624 373 657 continuo
394 624 433 657 in
455 621 560 658 silvis
580 635 722 671 magna
742 625 779 658 vi
799 622 897 659 flexa
918 622 1101 660 domatur

186 688 225 720 in
245 685 371 721 burim
395 690 435 722 et
457 689 563 722 curvi
583 686 748 722 formam
768 690 912 736 accipit
934 687 1061 724 ulmus
1082 692 1210 725 aratri.
1291 690 1363 726 170

185 749 276 786 huic
296 763 317 785 a
337 753 458 799 stirpe
480 750 602 799 pedes
622 756 729 787 temo
749 757 957 800 protentus
978 755 1017 788 in
1038 758 1140 798 octo,

186 814 300 850 binae
321 827 445 859 aures,
467 814 614 863 duplici
635 820 824 864 aptantur
843 816 1019 852 dentalia
1040 816 1164 854 dorso.

185 877 362 915 caeditur
383 884 424 915 et
445 879 529 915 tilia
549 884 642 916 ante
663 882 755 929 iugo
775 880 871 916 levis
892 880 1050 930 altaque
1070 881 1182 930 fagus

185 945 376 992 stimque,
397 956 496 992 quae
518 956 652 980 currus
673 957 694 979 a
714 949 829 993 tergo
849 950 1033 994 torqueat
1054 948 1163 991 imos,

186 1012 226 1043 et
245 1020 433 1056 suspensa
455 1007 550 1043 focis
572 1008 751 1057 explorat
770 1010 906 1045 robora
928 1009 1070 1047 fumus.
1292 1012 1363 1049 175

240 1071 399 1108 Possum
419 1072 543 1108 inulta
564 1073 636 1108 tibi
658 1078 835 1111 veterum
856 1079 1067 1122 praecepta
1087 1074 1247 1120 referre,

185 1138 225 1171 ni
246 1135 393 1184 refugis
414 1139 625 1185 tenuisque
645 1139 755 1185 piget
777 1150 1015 1186 cognoscere
1038 1152 1158 1175 curas.

185 1212 274 1236 area
293 1213 382 1236 cum
402 1203 536 1248 primis
557 1203 711 1249 ingenti
733 1202 938 1251 aequanda
959 1203 1139 1252 cylindro

185 1270 226 1300 et
246 1264 437 1301 vertenda
457 1278 575 1301 manu
596 1270 637 1301 et
657 1271 765 1302 creta
785 1266 989 1303 solidanda
1008 1271 1152 1313 tenaci,

185 1342 234 1365 ne
256 1329 423 1365 subeant
443 1328 590 1366 herbae
611 1343 688 1366 neu
710 1330 873 1379 pulvere
895 1333 997 1368 victa
1017 1330 1187 1378 fatiscat,
1293 1334 1365 1370 180

185 1398 270 1429 tum
291 1396 418 1429 variae
439 1393 622 1430 inludant
644 1400 800 1443 pestes:
830 1408 946 1444 saepe
968 1398 1132 1444 exiguus
1153 1409 1239 1433 mus

185 1457 256 1492 sub
276 1459 390 1493 terris
411 1460 621 1506 posuitque
642 1457 777 1494 domos
798 1463 918 1508 atque
939 1459 1076 1496 horrea
1097 1459 1206 1506 fecit,

184 1527 252 1557 aut
272 1521 392 1557 oculis
413 1525 517 1571 capti
539 1521 674 1559 fodere
696 1522 838 1558 cubilia
857 1523 1001 1572 talpae,

186 1588 448 1634 inventusque
470 1588 571 1622 cavis
592 1585 686 1622 bufo
707 1591 749 1622 et
769 1599 868 1635 quae
890 1587 1057 1635 plurima
1077 1593 1205 1625 terrae

184 1654 357 1685 monstra
379 1649 525 1694 ferunt,
546 1649 788 1699 populatque
810 1653 1017 1698 ingentem
1038 1650 1148 1687 farris
1164 1665 1344 1688 acervum

185 1713 357 1749 curculio
377 1719 496 1762 atque
517 1716 624 1763 inopi
644 1720 828 1751 metuens
848 1714 1009 1751 formica
1030 1721 1226 1752 senectae.
1288 1717 1360 1754 186

185 1777 474 1826 contemplator
494 1781 603 1823 item,
626 1791 714 1815 cum
735 1791 776 1815 se
797 1792 877 1814 nux
898 1779 1065 1828 plurima
1085 1779 1191 1817 silvis

185 1841 325 1878 induet
345 1844 384 1877 in
405 1842 539 1879 florem
560 1848 601 1879 et
622 1856 746 1879 ramos
767 1843 944 1880 curvabit
965 1843 1132 1881 olentis:

230 1919 272 1937 1⁶⁶
296 1918 407 1949 vallus
423 1920 453 1949 R
469 1920 549 1957 (and
565 1921 683 1951 known
699 1924 728 1951 ιο
753 1921 866 1957 Varro,
887 1922 1057 1960 accordinq
1071 1925 1100 1952 to
1116 1920 1277 1962 Servius).

230 1961 273 1979 ¹⁷5
297 1961 452 2001 exploret
470 1962 570 1992 Am.
747 1963 790 1981 ¹³¹
815 1962 979 1994 inludunt
996 1963 1121 1996 M²P²2
1147 1964 1273 1996 ludunt
1291 1964 1332 1996 A.

229 2004 270 2023 ¹⁸⁷
295 2014 364 2035 nux
382 2014 415 2035 se
432 2006 475 2035 Α.

187 2065 235 2100 92
