1430 2335
656 97 850 135 VIRGIL

156 176 334 213 tollimur
351 178 392 211 in
412 175 566 222 caelum
587 179 748 211 curvato
767 176 929 223 gurgite
949 179 990 210 et
1010 173 1118 211 idem

157 237 353 274 subducta
373 236 423 273 ad
444 236 574 272 Manis
593 238 694 272 imos
714 235 943 272 desedimus
965 235 1097 279 unda3
1268 232 1342 272 565

156 304 220 336 ter
238 299 390 348 scopuli
410 298 622 335 clamorem
642 299 751 334 inter
770 310 864 333 cava
883 310 975 333 saxa
995 297 1157 341 dedere,

157 365 221 397 ter
238 373 419 409 spumam
439 359 576 396 elisam
596 363 638 395 et
656 361 831 395 rorantia
851 358 1020 394 vidimus
1039 363 1155 395 astra.

158 425 315 459 interea
333 421 458 458 fessos
477 426 621 457 ventus
641 433 732 457 cum
751 419 833 456 sole
852 420 1027 469 reliquit,

158 486 368 533 ignarique
386 485 471 519 viae
491 482 708 532 Cyclopum
726 481 948 518 adlabimur
965 484 1052 519 oris.

211 548 239 567 “
250 545 390 582 Portus
404 546 454 581 ab
466 557 625 580 accessu
638 548 848 579 ventorum
861 545 1048 580 immotus
1061 548 1103 580 et
1115 546 1257 593 ingens
1271 543 1346 580 570

159 610 259 656 ipse,
280 607 349 644 sed
371 606 561 643 horrificis
580 608 691 641 iuxta
710 609 826 641 tonat
846 604 980 641 Aetna
999 607 1134 649 ruinis,

159 669 443 718 interdumque
463 673 589 704 atram
610 669 832 716 prorumpit
852 666 902 703 ad
921 666 1086 704 aethera
1105 667 1266 710 nubem,

159 732 320 767 turbine
341 730 564 766 fumantem
583 731 696 778 piceo
717 733 758 764 et
778 727 977 765 candente
997 728 1143 773 favilla,

160 792 391 841 attollitque
410 791 550 840 globos
569 790 813 826 flammarum
833 794 876 826 et
893 789 1023 827 sidera
1040 789 1204 834 lambit3

161 853 365 891 interdum
386 853 568 902 scopulos
588 851 798 901 avolsaque
819 853 967 888 viscera
986 854 1132 889 montis
1269 852 1344 888 575

162 918 281 965 erigit
300 920 499 957 eructans,
519 913 816 964 liquefactaque
837 927 928 949 saxa
949 914 1021 950 sub
1041 926 1154 950 auras

161 986 250 1010 cum
270 975 424 1022 gemitu
444 972 653 1021 glomerat,
672 970 878 1020 fundoque
899 976 1106 1008 exaestuat
1123 973 1215 1008 imo.

164 1031 266 1067 fama
286 1035 347 1067 est
368 1029 562 1066 Enceladi
582 1033 801 1065 semustum
820 1028 988 1065 fulmine
1008 1041 1148 1078 corpus

162 1091 295 1137 urgeri
316 1087 420 1124 mole
442 1086 513 1123 hac
533 1089 822 1136 ingentemque
842 1088 1004 1135 insuper
1022 1086 1196 1123 Aetnam

161 1149 388 1195 impositam
408 1146 536 1193 ruptis
556 1144 752 1179 flammam
772 1147 971 1193 exspirare
992 1146 1167 1188 caminis,
1269 1149 1344 1181 580

162 1209 203 1240 et
224 1203 371 1239 fessum
391 1204 575 1251 quotiens
596 1205 727 1237 mutet
744 1200 862 1247 latus,
879 1203 1095 1238 intremere
1115 1215 1274 1238 onmem

161 1272 362 1296 murmure
376 1258 620 1295 Trinacriam
641 1262 682 1294 et
703 1257 856 1293 caelum
877 1258 1088 1294 subtexere
1108 1258 1228 1295 sumo.

162 1322 323 1353 noctem
343 1315 452 1351 illam
470 1317 570 1351 tecti
590 1314 695 1350 silvis
714 1316 901 1350 immania
919 1319 1096 1351 monstra

162 1373 397 1422 perferimus
417 1384 505 1415 nec,
525 1384 625 1420 quae
647 1373 819 1407 sonitum
841 1370 912 1407 det
932 1384 1058 1414 causa,
1078 1371 1272 1418 videmus,

162 1444 253 1466 nam
273 1442 404 1479 neque
425 1433 539 1465 erant
558 1434 754 1464 astrorum
772 1431 886 1477 ignes
904 1441 979 1465 nec
999 1428 1151 1466 lucidus
1170 1430 1310 1466 aethra

162 1488 316 1524 siderea
335 1487 463 1536 polus,
483 1486 650 1522 obscuro
669 1485 739 1522 sed
759 1486 896 1522 nubila
915 1486 1036 1532 caelo,
1270 1485 1345 1524 586

162 1550 204 1582 et
224 1545 359 1581 lunam
378 1546 419 1580 in
438 1544 575 1579 nimbo
595 1556 674 1579 nox
692 1546 937 1592 intempesta
957 1544 1134 1582 tenebat.
1294 1557 1346 1581 ΜΡ

215 1606 238 1622 “
257 1601 419 1638 Postera
437 1603 596 1650 iamque
615 1600 700 1637 dies
721 1603 847 1649 primo
867 1601 1055 1650 surgebat
1074 1601 1157 1638 Eoo

162 1663 448 1708 umentemque
469 1658 622 1694 Aurora
641 1658 732 1707 polo
752 1657 973 1694 dimoverat
993 1659 1186 1703 umbram,

162 1729 251 1752 cum
272 1717 403 1752 subito
424 1728 445 1752 e
466 1715 584 1759 silvis,
606 1718 731 1752 macie
751 1714 935 1752 confecta
953 1728 1150 1765 suprema,
1269 1720 1345 1758 590

161 1776 289 1822 ignoti
310 1786 412 1809 nova
430 1772 557 1809 forma
578 1775 648 1808 viri
667 1772 971 1823 miserandaque
991 1774 1099 1809 cultu

162 1830 343 1879 procedit
363 1830 612 1879 supplexque
632 1843 771 1866 manus
791 1830 840 1865 ad
860 1830 977 1866 litora
996 1830 1142 1867 tendit.

160 1889 403 1936 respicimus.
462 1887 548 1922 (lira
569 1886 749 1932 inluvies,
771 1889 1025 1937 immissaque
1046 1888 1178 1932 barba,

201 1949 246 1969 ⁵3¹
270 1955 381 1980 mutat
411 1948 564 1989 ,112P2-11,
595 1951 710 1981 known
740 1955 770 1982 to
796 1951 951 1983 Servius:
982 1956 1088 1983 motat
1117 1948 1163 1991 7²,
1191 1952 1343 1983 :S‘crvz'uss

159 1997 267 2025 motet
283 1991 385 2024 a²b²c.

162 2045 240 2084 386
