1430 2335
681 96 871 133 VIRGIL

190 175 369 211 laudibus
388 179 429 210 et
450 174 608 222 plausae
628 177 801 211 sonitum
820 178 981 212 cervicis
999 189 1141 213 amare.

188 234 308 277 atque
328 228 425 264 haec
444 231 521 263 iam
543 230 669 276 primo
687 228 874 277 depulsus
893 229 942 265 ab
961 230 1083 266 ubere
1101 234 1237 268 matris

188 281 346 326 audeat,
364 283 484 330 inque
507 283 630 317 vicem
648 281 719 317 det
738 281 920 318 mollibus
939 295 1006 318 ora
1023 286 1201 332 capistris

188 334 382 370 invalidus
402 337 601 383 etiamque
621 339 811 380 tremens,
831 338 952 372 etiam
971 338 1115 373 inscius
1135 340 1231 374 aevi.

187 393 229 424 at
248 389 374 424 tribus
393 390 542 424 exactis
560 388 628 424 ubi
648 393 788 437 quarta
806 392 1017 426 accesserit
1035 395 1176 436 aestas,
1287 392 1359 429 190

188 453 347 490 carpere
367 454 457 477 mox
477 454 618 490 gyrum
637 443 801 490 incipiat
819 442 1082 492 gradibusque
1102 456 1240 480 sonare

188 497 426 543 compositis,
444 497 655 543 sinuetque
675 495 828 531 alterna
846 495 1044 532 volumina
1064 509 1233 543 crurum,

187 551 317 597 sitque
336 548 531 584 laboranti
551 548 710 591 similis3
739 554 825 585 tuni
845 550 1020 585 cursibus
1039 563 1164 595 auras,

187 607 272 638 tum
293 606 420 646 vocet,
439 614 483 637 ac
504 614 574 649 per
592 606 729 650 aperta
750 601 895 647 volans,
917 615 989 639 ceu
1009 603 1108 639 liber
1128 603 1304 650 habenis,

186 668 355 704 aequora
374 657 437 690 vix
459 667 609 691 summa
629 657 796 703 vestigia
815 660 937 704 ponat
956 655 1104 692 harena
1122 669 1130 693 ε
1285 658 1356 696 195

187 708 310 758 qualis
334 708 603 757 Hyperboreis
624 708 769 757 Aquilo
788 721 878 744 cum
897 708 1043 745 densus
1063 710 1111 745 ab
1131 713 1207 746 oris

186 762 378 807 incubuit,
398 761 663 811 Scythiaeque
685 761 834 798 hiemes
854 767 973 812 atque
993 763 1101 798 arida
1120 763 1252 801 differt

186 815 320 851 nubila
337 827 346 858 ;
373 820 459 851 tum
478 820 636 863 segetes
654 814 758 851 altae
777 818 984 865 campique
1003 821 1188 853 natantes

185 869 339 905 lenibus
358 868 591 904 horrescunt
609 868 749 914 flabris,
768 881 1024 918 summaeque
1043 882 1224 906 sonorem

185 923 283 959 dant
301 921 432 966 silvae,
452 922 640 971 longique
660 927 807 971 urgent
825 922 875 958 ad
894 922 1009 959 litora
1026 923 1165 960 fluetus
1181 936 1189 967 ;
1281 926 1357 963 200

184 976 250 1012 ille
271 975 390 1020 volat,
409 974 524 1011 simul
544 988 634 1011 arva
653 975 760 1024 fuga,
780 975 895 1011 simul
913 988 1084 1025 aequora
1104 989 1273 1015 verrens.

185 1029 247 1065 hic
267 1028 328 1065 vel
348 1028 396 1065 ad
419 1028 506 1065 Elei
525 1033 651 1065 metas
672 1034 714 1065 et
732 1031 902 1064 maxima
921 1033 1048 1078 campi

183 1082 341 1119 sudabit
360 1084 486 1131 spatia
506 1086 548 1118 et
567 1095 724 1131 spumas
742 1087 836 1131 aget
855 1095 922 1119 ore
942 1088 1137 1130 cruentas,

184 1135 344 1184 Belgica
362 1135 424 1171 vel
445 1134 552 1171 molli
572 1135 713 1172 melius
732 1134 837 1172 feret
856 1136 994 1172 esseda
1013 1136 1123 1173 collo.

182 1194 267 1225 tum
287 1188 447 1225 demum
467 1201 593 1225 crassa
610 1202 798 1238 magnum
817 1188 1013 1238 farragine
1033 1203 1173 1239 corpus
1280 1192 1353 1230 205

182 1254 359 1279 erescere
378 1244 455 1278 iam
475 1241 634 1278 domitis
653 1245 791 1279 sinito:
812 1255 982 1292 namque
998 1248 1091 1280 ante
1112 1243 1353 1282 domandum

181 1298 356 1344 ingentis
376 1295 521 1332 tollent
541 1298 704 1340 animos,
723 1298 934 1345 prensique
954 1297 1160 1345 negabunt

182 1350 342 1386 verbera
362 1348 471 1385 lenta
491 1351 573 1397 pati
594 1354 636 1385 et
655 1349 762 1386 duris
781 1362 919 1398 parere
939 1349 1094 1399 lupatis.

233 1402 312 1439 Sed
332 1415 412 1438 non
432 1402 512 1438 ulla
531 1405 656 1451 magis
676 1404 766 1438 viris
785 1402 980 1439 industria
999 1403 1139 1449 firmat,

181 1469 295 1505 quam
318 1455 515 1492 Venerem
535 1461 577 1492 et
596 1458 701 1492 caeci
721 1455 899 1492 stimulos
912 1461 1091 1493 avertere
1109 1461 1264 1505 amoris,
1278 1459 1352 1497 210

179 1513 259 1545 sive
280 1510 396 1545 boum
416 1511 497 1545 sive
518 1514 579 1546 est
598 1511 659 1545 cui
678 1512 827 1558 gratior
846 1521 938 1546 usus
957 1522 1157 1559 equorum.

178 1568 297 1612 atque
316 1562 406 1599 ideo
426 1567 559 1599 tauros
579 1562 714 1611 procul
734 1567 854 1612 atque
874 1565 915 1599 in
935 1562 1016 1599 sola
1035 1563 1218 1613 relegant

177 1629 333 1665 pascua,
353 1620 443 1665 post
461 1620 639 1652 montem
659 1619 885 1665 oppositum
903 1620 946 1653 et
957 1621 1066 1653 trans
1077 1616 1238 1654 flumina
1257 1618 1348 1663 lata,

177 1674 245 1706 aut
265 1672 372 1705 intus
392 1669 542 1705 clausos
563 1674 694 1706 satura
714 1669 762 1705 ad
782 1672 985 1718 praesepia
1005 1676 1172 1707 servant.
1274 1673 1349 1710 214

177 1725 302 1771 carpit
322 1725 427 1759 enim
447 1725 538 1758 viris
559 1722 747 1771 paulatim
767 1725 925 1772 uritque
945 1723 1118 1760 videndo
1243 1737 1349 1762 AMPR

176 1776 335 1822 femina,
356 1788 431 1812 nec
450 1788 656 1812 nemorum
676 1778 826 1825 patitur
844 1779 1070 1813 meminisse
1089 1789 1164 1814 nec
1184 1777 1330 1815 herbae

345 1859 389 1878 ¹⁸⁸
412 1859 533 1891 audiat
548 1859 646 1892 M2R.

346 1902 390 1921 1⁹⁰
413 1902 583 1943 occeperit
600 1902 667 1934 F1:
691 1903 863 1945 acceperit
878 1902 949 1936 PR.
997 1906 1093 1935 aetas
1110 1903 1161 1936 M.

345 1944 386 1964 ¹⁹¹
409 1950 573 1985 provocet
588 1945 628 1977 P.
974 1945 1017 1965 ²⁰²
1040 1947 1119 1978 hinc
1134 1947 1202 1979 FR.

345 1987 388 2007 ²⁰⁴
414 1987 535 2019 bellica
550 1987 647 2020 MlP.

175 2049 246 2087 168
