1430 2335
656 105 849 142 VIRGIL

153 181 223 217 sed
239 181 355 218 eadat
371 185 466 217 ante
481 180 586 217 diem
603 181 815 230 mediaque
831 180 1059 217 inhumatus
1074 181 1232 218 harena.
1260 179 1336 217 620

152 242 250 279 haec
263 256 415 292 precor,
424 242 524 278 hanc
534 255 666 278 vocem
678 248 894 279 extremam
904 256 994 279 cum
1001 245 1192 291 sanguine
1200 242 1334 279 fundo.

151 309 237 340 tum
259 318 336 350 vos,
359 318 381 341 o
402 304 523 353 Tyrii,
545 306 709 352 stirpem
730 309 772 341 et
791 317 918 353 genus
938 317 1055 341 omne
1076 304 1251 340 futurum

153 374 340 406 exercete
361 368 474 413 odiis,
494 370 696 417 cinerique
717 367 815 404 haec
835 370 987 405 mittite
1007 373 1141 405 nostro

151 443 328 467 munera.
386 429 518 466 nullus
538 442 648 465 amor
667 429 822 478 populis
842 443 916 466 nec
936 429 1099 466 foedera
1119 434 1246 466 sunto.

150 494 338 537 exoriare,
357 491 499 540 aliquis
518 494 662 527 nostris
681 504 729 527 ex
749 492 900 527 ossibus
918 491 1037 536 ultor,
1260 490 1334 527 625

150 556 216 602 qui
236 553 321 590 face
342 553 564 588 Dardanios
585 552 767 602 ferroque
788 565 952 602 sequare
972 553 1144 597 colonos,

148 627 267 660 nunc,
287 615 394 659 olim,
414 627 662 663 quocumque
683 614 836 650 dabunt
856 627 897 650 se
916 619 1098 663 tempore
1119 617 1229 650 vires.

147 675 264 711 litora
283 676 464 712 litoribus
485 678 694 720 contraria,
713 675 896 711 fluctibus
919 675 1042 711 undas

148 739 358 786 imprecor,
375 750 483 773 arma
501 739 618 772 armis
634 750 642 780 ;
671 742 854 786 pugnent
873 739 1026 786 ipsique
1046 737 1333 786 nepotesque.'’

203 799 316 835 Haec
336 802 404 843 ait,
426 803 466 834 et
488 801 609 847 partis
629 801 806 834 animum
826 799 1008 834 versabat
1027 801 1067 834 in
1088 801 1227 842 omnis,
1258 797 1334 835 630

147 863 312 897 invisam
332 873 526 910 quaerens
546 873 663 908 quam
685 862 855 909 primum
873 860 1109 908 abrumpere
1129 860 1270 897 lucem.

145 928 231 959 tum
252 923 426 959 breviter
448 922 599 957 Barcen
619 924 818 958 nutricem
838 921 973 958 adfata
993 921 1175 971 Sychaei,

145 997 317 1033 namque
338 997 447 1020 suam
467 986 593 1032 patria
613 986 777 1032 antiqua
797 986 894 1019 cinis
914 988 1001 1019 ater
1020 983 1217 1020 habebat:

145 1053 168 1069 ‘⁶
183 1050 355 1093 Annam,
375 1061 464 1084 cara
483 1047 580 1083 mihi
602 1050 750 1092 nutrix,
771 1047 848 1083 huc
869 1050 964 1084 siste
984 1060 1179 1090 sororem;

145 1110 208 1145 dic
229 1123 368 1158 corpus
388 1113 576 1157 properet
596 1108 741 1144 fluviali
762 1121 947 1157 spargere
967 1107 1142 1157 lympha,
1256 1107 1330 1145 635

144 1176 186 1207 et
206 1171 381 1220 pecudes
401 1182 534 1206 secum
557 1174 598 1205 et
618 1175 836 1206 monstrata
857 1169 1010 1218 piacula
1028 1169 1159 1206 ducat.

143 1235 199 1269 sic
219 1235 364 1277 veniat,
385 1236 510 1280 tuque
532 1233 614 1278 ipsa
635 1233 698 1278 pia
718 1235 812 1279 tege
833 1236 1014 1280 tempora
1036 1233 1145 1268 vitta.

143 1307 251 1330 sacra
274 1294 356 1329 Iovi
377 1292 529 1340 Stygio,
551 1305 650 1340 quae
672 1295 747 1329 rite
768 1295 927 1341 incepta
947 1295 1094 1341 paravi,

143 1355 332 1404 perficere
354 1360 413 1391 est
434 1356 588 1389 animus
608 1353 807 1403 finemque
828 1357 1033 1403 imponere
1053 1357 1155 1390 curis

144 1417 414 1466 Dardaniique
430 1428 567 1464 rogum
584 1418 725 1463 capitis
746 1418 979 1464 permittere
999 1415 1218 1452 flammae.''
1253 1414 1328 1452 640

143 1482 197 1515 sic
217 1481 284 1515 ait.
341 1478 409 1514 illa
429 1476 596 1526 gradum
617 1477 748 1513 studio
769 1477 968 1513 celerabat
987 1478 1093 1513 anili.

141 1546 183 1576 at
203 1540 362 1589 trepida
382 1544 423 1576 et
444 1540 597 1586 coeptis
617 1539 852 1575 immanibus
873 1539 991 1576 effera
1012 1538 1131 1584 Dido,

142 1605 400 1651 sanguineam
420 1600 581 1636 volvens
600 1602 741 1645 aciem,
760 1601 1002 1650 maculisque
1022 1603 1231 1637 trementis

141 1664 337 1700 interfusa
357 1675 492 1712 genas,
514 1666 554 1698 et
576 1660 722 1709 pallida
741 1667 869 1699 morte
889 1662 1033 1709 futura,

141 1727 330 1761 interiora
350 1725 489 1761 domus
509 1725 702 1771 inrumpit
720 1723 868 1769 limina,
889 1729 930 1761 et
949 1723 1050 1760 altos
1249 1722 1323 1760 645

141 1786 375 1823 conscendit
394 1783 608 1822 furibunda
627 1796 755 1832 rogos,
775 1798 991 1835 ensemque
1011 1784 1182 1821 recludit

184 1847 229 1868 ⁶²³
256 1849 474 1888 nepotesque]
493 1857 571 1884 -que
589 1847 719 1878 omitted
737 1846 791 1880 P2.

184 1890 230 1910 5³2
257 1893 400 1931 Sychaei
419 1894 467 1922 est
486 1891 534 1921 M.
883 1891 926 1910 ⁶⁴⁰
949 1891 1097 1922 flammis
1114 1892 1159 1922 M.

182 1933 227 1954 ⁶⁴²¹
252 1935 419 1966 celerabat
435 1934 497 1970 JI1,
515 1932 666 1964 Serz-ius:
684 1934 877 1966 celebrabat
898 1933 991 1973 M2P,
1003 1934 1117 1965 known
1133 1939 1162 1965 to
1179 1934 1319 1966 Set-rius.

139 1980 256 2010 inilem
274 1975 328 2008 Pl.

183 2021 227 2040 ‘⁵⁴⁰
253 2031 351 2059 rogos
367 2022 426 2052 M:
446 2019 570 2059 gradus
591 2015 631 2048 1²²
649 2029 654 2049 :
675 2019 775 2051 radus
792 2018 847 2052 ΡΙ.

140 2070 215 2102 438
