1430 2335
674 86 867 126 VIRGIL

180 165 237 203 illi
256 180 297 204 se
316 166 488 217 praedae
506 168 721 214 accingunt
738 165 984 214 dapibusque
1005 163 1168 207 suturis;
1275 166 1351 199 210

180 225 339 269 tergora
357 220 552 268 diripiunt
572 221 690 255 costis
710 223 752 254 et
771 220 920 254 viscera
939 218 1116 260 nudant3

180 286 268 322 pars
286 276 327 309 in
346 272 471 309 frusta
490 277 628 308 secant
647 272 878 320 veribusque
898 273 1112 307 trementia
1132 270 1268 319 figunt,

181 327 296 364 litore
316 330 415 362 aena
435 326 568 362 locant
585 325 651 360 alii
670 324 925 373 flammasque
945 326 1181 360 ministrant.

181 384 266 416 tum
287 382 392 416 victu
408 383 597 415 rovocant
617 380 718 423 viris,
738 377 893 426 fusique
913 391 984 426 per
1003 377 1165 413 herbam

180 433 400 482 implentur
420 435 565 469 veteris
586 431 731 467 Bacchi
750 432 988 480 pinguisque
1007 429 1167 466 ferinae.
1277 432 1351 465 ‘215

180 491 387 536 postquam
406 490 593 535 exempta
611 485 734 521 fames
754 484 880 533 epulis
894 496 1133 532 mensaeque
1155 487 1342 528 remotae,

179 542 340 576 amissos
358 540 478 588 longo
498 541 622 575 socios
642 550 824 574 sermone
844 540 1064 587 requirunt,

180 606 369 642 spemque
389 597 621 642 metumque
640 594 745 627 inter
763 591 887 635 dubii,
907 604 975 627 seu
996 592 1124 626 vivere
1145 589 1309 625 credant

180 650 261 683 sive
280 651 457 683 extrema
479 649 559 695 pati
579 658 652 681 nec
672 647 750 681 iam
770 643 956 680 exaudire
975 648 1143 680 vocatos.

181 703 391 749 praecipue
412 702 497 748 pius
518 699 674 735 Aeneas
694 711 800 734 nunc
819 700 917 734 acris
937 697 1092 742 Oronti,
1278 699 1353 731 2320

180 767 286 789 nunc
307 755 447 802 Amyci
468 766 598 789 casum
619 754 745 801 gemit
765 755 806 787 et
826 750 1001 788 crudelia
1020 763 1150 786 secum

181 807 262 844 fata
284 807 378 856 Lyci
400 808 622 855 fortemque
643 805 757 854 Gyan
778 804 1004 854 fortemque
1024 802 1272 839 Cloanthum.

234 860 286 897 Et
305 863 382 896 iam
404 860 488 896 finis
509 865 608 904 erat,
628 872 717 895 cum
740 858 922 907 Iuppiter
940 857 1103 894 aethere
1125 869 1276 892 summo

181 914 403 963 despiciens
422 926 529 949 mare
551 912 761 949 velivolum
780 917 983 960 terrasque
1002 912 1168 947 iacentis

180 968 375 1016 litoraque
396 972 437 1003 et
457 966 556 1003 latos
576 966 754 1015 populos,
776 968 830 1000 sic
850 967 998 1001 vertice
1017 963 1117 1000 caeli
1278 966 1351 998 ⁶225

180 1023 361 1057 constitit
382 1026 423 1056 et
443 1020 591 1069 Libyae
612 1019 750 1055 defixit
768 1018 917 1053 lumina
937 1020 1079 1066 regnis.

180 1079 299 1123 atque
320 1074 431 1110 illum
451 1073 540 1110 talis
561 1076 776 1108 iactantem
796 1077 958 1119 pectore
981 1084 1090 1107 curas

181 1130 330 1164 tristior
349 1133 391 1163 et
410 1127 579 1163 lacrimis
599 1126 730 1162 oculos
751 1124 893 1161 suffusa
913 1127 1080 1161 nitentis

180 1181 405 1230 adloquitur
463 1180 597 1216 Venus
613 1192 620 1215 :
691 1183 714 1199 “
727 1192 749 1214 o
809 1181 875 1227 qui
940 1191 1000 1214 res
1070 1177 1353 1225 hominumque

285 1234 485 1283 deumque

181 1291 354 1324 aeternis
374 1290 476 1336 regis
495 1288 670 1335 imperiis
689 1291 731 1322 et
749 1285 915 1322 fulmine
935 1289 1074 1328 terres,
1278 1286 1353 1319 230

181 1341 275 1389 qnid
297 1354 407 1377 meus
428 1342 586 1376 Aeneas
606 1342 646 1375 in
667 1345 708 1375 te
728 1341 978 1375 committere
997 1342 1167 1382 tantum,

182 1394 276 1444 quid
297 1394 417 1430 Troes
438 1398 618 1442 potuere,
637 1393 778 1442 quibus
798 1397 859 1429 tot
879 1391 1018 1427 funera
1040 1393 1160 1440 passis

182 1453 348 1484 cunctus
366 1448 416 1484 ob
438 1447 591 1482 Italiam
612 1451 804 1482 terrarum
825 1444 1020 1481 clauditur
1038 1444 1170 1480 orbis?

182 1507 290 1538 certe
311 1501 402 1537 hinc
424 1501 618 1536 Romanos
637 1500 730 1535 olim
752 1498 1001 1534 volventibus
1020 1499 1144 1541 annis,

182 1554 274 1590 hinc
294 1554 377 1590 fore
397 1553 596 1597 ductores,
616 1557 798 1589 revocato
817 1566 839 1587 a
859 1554 1050 1600 sangnine
1070 1551 1226 1595 Teucri,
1253 1561 1355 1585 1³an

183 1611 249 1657 qui
269 1620 388 1652 iiiare,
409 1610 475 1657 qui
499 1612 622 1643 terras
642 1609 768 1642 omnis
788 1605 945 1641 dicione
966 1608 1165 1645 tenerent,
1279 1607 1327 1638 23
1345 1599 1354 1607 ’

183 1661 390 1710 pollicitus.
447 1673 548 1710 quae
570 1665 622 1703 te,
643 1663 814 1708 genitor,
834 1660 1033 1694 sententia
1054 1657 1198 1693 vertit?

184 1715 258 1751 hoc
279 1713 465 1763 equidem
485 1726 665 1750 occasum
685 1713 824 1748 Troiae
844 1714 1046 1760 tristisque
1066 1713 1198 1746 ruinas

183 1768 346 1812 solabar,
367 1767 457 1803 fatis
477 1769 671 1804 contraria
691 1766 773 1803 fata
792 1765 1039 1814 rependens3

182 1834 288 1858 nunc
309 1820 447 1857 eadem
470 1820 627 1857 fortuna
648 1822 748 1855 viros
768 1824 829 1855 tot
849 1818 1000 1855 casibus
1019 1821 1128 1853 actos
1280 1820 1356 1852 240

568 1923 616 1942 ²²⁴
642 1926 836 1957 venivoluni
856 1924 892 1955 F.

571 1966 616 1985 ²³⁶
643 1969 737 2000 omui
756 1968 830 1998 MR.
849 1966 992 1998 Servius.

186 2024 261 2063 256
