1430 2335
683 94 876 133 VIRGIL

183 172 416 221 insequitur.
473 184 592 220 quem
612 171 681 207 das
700 170 834 215 finem,
851 183 920 206 rex
939 181 1096 219 magne,
1116 169 1321 205 laborum?

186 226 370 261 Antenor
390 228 533 273 potuit,
552 224 694 261 mediis
715 224 870 273 elapsus
892 223 1066 268 Achivis,

188 278 365 327 Illyricos
386 283 596 326 penetrare
617 281 727 314 sinus
746 282 866 327 atque
885 279 1026 312 intima
1047 280 1156 312 tutus

187 345 311 380 regna
332 331 594 367 Liburnorum
615 336 657 368 et
677 331 828 367 fontem
848 342 1033 379 superare
1052 329 1218 373 Timavi,

188 385 295 420 unde
317 398 387 434 per
405 398 472 421 ora
490 397 635 422 novem
655 389 765 420 vasto
785 397 872 420 cum
893 396 1092 419 murmure
1114 384 1259 418 montis
1289 385 1364 417 245

188 441 221 474 it
240 451 347 474 mare
368 443 602 487 proruptum
624 443 666 474 et
686 437 828 486 pelago
844 439 989 485 premit
1007 449 1098 472 arva
1117 437 1288 472 sonanti.

189 491 253 528 hic
273 497 407 527 tamen
427 492 494 528 ille
514 492 652 527 urbem
675 490 808 526 Patavi
828 490 1021 539 sedesque
1041 489 1184 525 locavit

189 545 432 581 Teucrorum
453 550 495 581 et
513 547 626 593 genti
645 557 791 580 nomen
810 544 925 580 dedit
942 555 1128 592 armaque
1148 542 1232 578 fixit

189 597 222 633 T
225 601 329 641 roia3
357 611 462 634 nunc
483 598 639 647 placida
657 603 882 646 compostus
903 609 999 646 pace
1019 598 1208 645 quiescit:

190 665 274 696 nos,
294 656 363 687 tua
384 654 608 700 progenies,
627 650 727 687 caeli
746 651 887 700 quibus
906 649 1046 686 adnuis
1064 662 1208 694 arcem,
1291 651 1366 684 250

191 705 354 740 navibus
373 705 595 755 (infandum
613 704 639 753 1)
658 707 809 740 amissis
828 707 943 740 unius
963 704 1013 739 ob
1032 705 1130 738 iram

191 758 394 806 prodimur
412 764 532 807 atque
554 758 665 793 Italis
686 758 804 806 longe
825 758 1086 805 disiungimur
1103 757 1189 791 oris.

191 811 256 847 hic
278 814 436 860 pietatis
458 812 609 847 honos?
664 814 719 847 sic
747 824 819 846 nos
838 813 879 846 in
898 815 1055 858 sceptra
1073 810 1231 858 reponis
1245 808 1258 841 ?
1272 806 1293 819 ''

246 864 328 900 Olli
347 864 554 901 subridens
573 864 778 900 hominum
798 868 903 900 sator
921 869 1040 912 atque
1060 862 1225 899 deorum

191 917 317 962 voltu,
336 931 414 968 quo
433 918 585 954 caelum
604 923 943 966 tempestatesque
962 921 1133 962 serenat,
1291 917 1365 950 255

192 971 325 1008 oscula
345 972 484 1008 libavit
504 977 635 1016 natae,
654 971 801 1007 dehinc
819 970 915 1007 talia
933 969 1061 1006 fatur:

192 1028 345 1073 “parce
367 1029 491 1070 metu,
510 1024 730 1073 Cytherea3
761 1028 926 1060 manent
943 1026 1106 1059 immota
1123 1027 1282 1058 tuorum

150 1077 153 1079 ’
192 1077 274 1113 fata
292 1079 389 1122 tibi3
418 1091 556 1115 cernes
576 1079 712 1114 urbem
733 1083 776 1114 et
795 1079 982 1126 promissa
1003 1076 1141 1112 Lavini

192 1134 361 1174 moenia,
383 1131 673 1180 sublimemque
694 1131 798 1168 feres
816 1130 866 1167 ad
886 1130 1014 1167 sidera
1033 1129 1131 1166 caeli
1292 1131 1368 1170 259

191 1187 485 1233 magnanimum
508 1185 674 1221 Aenean
690 1197 698 1228 ς
727 1197 857 1233 neque
877 1197 941 1219 me
960 1183 1162 1220 sententia
1179 1182 1311 1217 vertit.

193 1237 257 1273 hic
292 1239 363 1273 tibi
395 1238 524 1289 (fabor
556 1241 675 1283 enim,
709 1237 868 1287 quando
899 1236 998 1274 haec
1027 1241 1069 1273 te
1102 1247 1194 1271 cura
1222 1245 1369 1269 remor-

300 1291 384 1335 det,
1289 1298 1383 1322 mm-

193 1345 350 1393 longius
371 1349 413 1380 et
432 1344 595 1381 volvens
615 1344 787 1380 fatorum
806 1356 948 1379 arcana
968 1341 1153 1393 movebo)

193 1398 340 1434 bellum
363 1400 504 1446 ingens
524 1402 639 1446 geret
661 1397 776 1433 Italia
796 1396 1039 1446 populosque
1060 1396 1210 1432 feroces

195 1452 418 1487 contundet
438 1464 539 1487 more
549 1464 643 1499 sque
665 1453 755 1486 viris
775 1456 816 1486 et
835 1452 990 1486 moenia
1010 1454 1145 1498 ponet,

193 1506 313 1539 tertia
333 1504 427 1539 dum
452 1504 564 1540 Latio
586 1509 822 1552 regnantem
844 1503 992 1539 viderit
1010 1507 1149 1546 aestas,
1294 1504 1316 1536 2

194 1562 386 1606 ternaque
407 1560 637 1592 transierint
659 1556 813 1592 Rutulis
834 1556 998 1591 hiberna
1017 1555 1199 1591 subactis.

193 1617 234 1646 at
255 1623 354 1658 puer
375 1610 578 1654 Ascanius,
599 1612 659 1645 cui
680 1623 785 1645 nunc
805 1621 1026 1657 cognomen
1050 1607 1135 1643 Iulo

194 1663 355 1699 additur
373 1662 475 1713 (llus
495 1668 593 1706 erat,
613 1662 708 1698 dum
730 1675 790 1697 res
811 1665 926 1698 stetit
948 1661 1020 1697 Ilia
1040 1658 1195 1710 regno),

1320 1498 1343 1536 Οἱ

1348 1504 1368 1536 <n

408 1740 452 1760 ²¹⁶
479 1744 699 1782 praeruptum
724 1740 781 1771 1'2·=
794 1739 816 1779 1,
834 1741 948 1771 known
964 1745 994 1771 to
1010 1739 1154 1771 Servius.

238 1845 250 1865 ¹
275 1848 344 1878 The
362 1848 532 1885 Timavus,
550 1847 661 1879 which
679 1848 758 1877 rises
775 1847 810 1877 in
827 1847 885 1877 the
901 1845 1018 1876 Julian
1032 1845 1122 1886 Alps,
1134 1846 1221 1876 after
1236 1844 1373 1883 flowing

192 1892 246 1921 for
266 1891 423 1928 eighteen
442 1891 539 1921 miles
564 1890 814 1928 [iudei-ground,
832 1898 1008 1929 reappears
1031 1889 1064 1918 in
1088 1888 1214 1918 several
1239 1888 1372 1928 springs

193 1933 259 1964 and
278 1935 359 1964 then
377 1943 516 1972 pursues
532 1943 550 1963 a
569 1934 664 1964 short
680 1933 742 1963 but-
758 1933 850 1963 swist
865 1942 984 1963 course
1001 1934 1036 1962 to
1053 1931 1112 1961 the
1124 1931 1288 1961 Adriatic.

237 1974 249 1992 ²
275 1976 344 2008 The
360 1976 451 2007 main
464 1975 598 2015 subJ'ect
613 1976 650 2008 of
665 1976 724 2006 the
741 1975 865 2007 second
883 1975 956 2006 half
973 1975 1008 2007 of
1024 1975 1082 2006 the
1097 1973 1232 2005 Aeneid.

195 2033 269 2066 258
