<?xml version="1.0" encoding="UTF-8"?>
<!DOCTYPE html PUBLIC "-//W3C//DTD XHTML 1.0 Transitional//EN"
    "http://www.w3.org/TR/xhtml1/DTD/xhtml1-transitional.dtd">
<html xmlns="http://www.w3.org/1999/xhtml" xml:lang="en" lang="en">
 <head>
  <title>
</title>
<meta http-equiv="Content-Type" content="text/html;charset=utf-8" />
  <meta name='ocr-system' content='tesseract 3.04.00' />
  <meta name='ocr-capabilities' content='ocr_page ocr_carea ocr_par ocr_line ocrx_word'/>
</head>
<body>
  <div class='ocr_page' id='page_1' title='image "./virgilwithenglis01virg_0054.png"; bbox 0 0 1430 2335; ppageno 0'>
   <div class='ocr_carea' id='block_1_1' title="bbox 703 93 896 131">
    <p class='ocr_par' dir='ltr' id='par_1_1' title="bbox 703 93 896 131">
     <span class='ocr_line' id='line_1_1' title="bbox 703 93 896 131; baseline 0.005 -2"><span class='ocrx_word' id='word_1_1' title='bbox 703 93 896 131; x_wconf 86' lang='lat' dir='ltr'>VIRGIL</span> 
     </span>
    </p>
   </div>
   <div class='ocr_carea' id='block_1_2' title="bbox 210 168 1392 1857">
    <p class='ocr_par' dir='ltr' id='par_1_2' title="bbox 210 168 1385 571">
     <span class='ocr_line' id='line_1_2' title="bbox 211 168 1206 220; baseline 0 -13"><span class='ocrx_word' id='word_1_2' title='bbox 211 175 330 220; x_wconf 77' lang='lat' dir='ltr'><strong>teque</strong></span> <span class='ocrx_word' id='word_1_3' title='bbox 351 170 449 206; x_wconf 80' lang='lat' dir='ltr'><strong>adeo</strong></span> <span class='ocrx_word' id='word_1_4' title='bbox 470 169 590 206; x_wconf 86' lang='lat' dir='ltr'><strong>decus</strong></span> <span class='ocrx_word' id='word_1_5' title='bbox 610 168 683 205; x_wconf 86' lang='lat' dir='ltr'><strong>hoc</strong></span> <span class='ocrx_word' id='word_1_6' title='bbox 702 172 803 215; x_wconf 84' lang='lat' dir='ltr'><strong>aevi,</strong></span> <span class='ocrx_word' id='word_1_7' title='bbox 822 174 864 207; x_wconf 86' lang='lat' dir='ltr'><strong>te</strong></span> <span class='ocrx_word' id='word_1_8' title='bbox 883 169 1056 214; x_wconf 83' lang='lat' dir='ltr'><strong>consule,</strong></span> <span class='ocrx_word' id='word_1_9' title='bbox 1077 171 1206 216; x_wconf 80' lang='lat' dir='ltr'>inibit,</span> 
     </span>
     <span class='ocr_line' id='line_1_3' title="bbox 212 229 1211 277; baseline 0.002 -12"><span class='ocrx_word' id='word_1_10' title='bbox 212 230 347 274; x_wconf 85' lang='lat' dir='ltr'><strong>Pollio,</strong></span> <span class='ocrx_word' id='word_1_11' title='bbox 368 235 410 265; x_wconf 80' lang='lat' dir='ltr'><strong>et</strong></span> <span class='ocrx_word' id='word_1_12' title='bbox 430 231 622 277; x_wconf 78' lang='lat' dir='ltr'><strong>incipient</strong></span> <span class='ocrx_word' id='word_1_13' title='bbox 641 231 775 277; x_wconf 86' lang='lat' dir='ltr'><strong>magni</strong></span> <span class='ocrx_word' id='word_1_14' title='bbox 795 229 1010 277; x_wconf 83' lang='lat' dir='ltr'><strong>procedere</strong></span> <span class='ocrx_word' id='word_1_15' title='bbox 1032 243 1211 273; x_wconf 86' lang='lat' dir='ltr'><strong>menses;</strong></span> 
     </span>
     <span class='ocr_line' id='line_1_4' title="bbox 210 286 1243 337; baseline 0.001 -13"><span class='ocrx_word' id='word_1_16' title='bbox 210 293 251 325; x_wconf 83' lang='lat' dir='ltr'><strong>te</strong></span> <span class='ocrx_word' id='word_1_17' title='bbox 272 288 386 331; x_wconf 77' lang='lat' dir='ltr'><strong>(luce,</strong></span> <span class='ocrx_word' id='word_1_18' title='bbox 408 289 437 323; x_wconf 89' lang='lat' dir='ltr'><strong>si</strong></span> <span class='ocrx_word' id='word_1_19' title='bbox 459 300 534 336; x_wconf 85' lang='lat' dir='ltr'><strong>qua</strong></span> <span class='ocrx_word' id='word_1_20' title='bbox 555 291 721 323; x_wconf 76' lang='lat' dir='ltr'><strong>manent</strong></span> <span class='ocrx_word' id='word_1_21' title='bbox 739 286 900 323; x_wconf 85' lang='lat' dir='ltr'><strong>sceleris</strong></span> <span class='ocrx_word' id='word_1_22' title='bbox 920 290 1087 337; x_wconf 85' lang='lat' dir='ltr'><strong>vestigia</strong></span> <span class='ocrx_word' id='word_1_23' title='bbox 1106 292 1243 333; x_wconf 82' lang='lat' dir='ltr'><strong>nostri,</strong></span> 
     </span>
     <span class='ocr_line' id='line_1_5' title="bbox 210 344 1101 395; baseline 0.001 -13"><span class='ocrx_word' id='word_1_24' title='bbox 210 350 328 383; x_wconf 76' lang='lat' dir='ltr'><strong>inrita</strong></span> <span class='ocrx_word' id='word_1_25' title='bbox 347 351 540 395; x_wconf 78' lang='lat' dir='ltr'><strong>perpetua</strong></span> <span class='ocrx_word' id='word_1_26' title='bbox 559 345 715 382; x_wconf 81' lang='lat' dir='ltr'><strong>solvent</strong></span> <span class='ocrx_word' id='word_1_27' title='bbox 735 344 945 382; x_wconf 86' lang='lat' dir='ltr'><strong>formidine</strong></span> <span class='ocrx_word' id='word_1_28' title='bbox 968 351 1101 384; x_wconf 81' lang='lat' dir='ltr'><strong>terras.</strong></span> 
     </span>
     <span class='ocr_line' id='line_1_6' title="bbox 211 403 1385 453; baseline 0.002 -12"><span class='ocrx_word' id='word_1_29' title='bbox 211 406 278 442; x_wconf 83' lang='lat' dir='ltr'><strong>ille</strong></span> <span class='ocrx_word' id='word_1_30' title='bbox 298 405 417 441; x_wconf 83' lang='lat' dir='ltr'><strong>deum</strong></span> <span class='ocrx_word' id='word_1_31' title='bbox 434 407 552 439; x_wconf 82' lang='lat' dir='ltr'><strong>vitam</strong></span> <span class='ocrx_word' id='word_1_32' title='bbox 573 406 742 452; x_wconf 75' lang='lat' dir='ltr'><strong>accipiet</strong></span> <span class='ocrx_word' id='word_1_33' title='bbox 761 403 939 453; x_wconf 77' lang='lat' dir='ltr'><strong>divisque</strong></span> <span class='ocrx_word' id='word_1_34' title='bbox 961 405 1112 442; x_wconf 82' lang='lat' dir='ltr'><strong>videbit</strong></span> <span class='ocrx_word' id='word_1_35' title='bbox 1339 411 1385 443; x_wconf 84' lang='lat'><strong>15</strong></span> 
     </span>
     <span class='ocr_line' id='line_1_7' title="bbox 213 461 1074 513; baseline 0.001 -15"><span class='ocrx_word' id='word_1_36' title='bbox 213 466 426 513; x_wconf 79' lang='lat' dir='ltr'><strong>permixtos</strong></span> <span class='ocrx_word' id='word_1_37' title='bbox 447 462 584 498; x_wconf 83' lang='lat' dir='ltr'><strong>heroas</strong></span> <span class='ocrx_word' id='word_1_38' title='bbox 601 467 642 498; x_wconf 85' lang='lat' dir='ltr'><strong>et</strong></span> <span class='ocrx_word' id='word_1_39' title='bbox 662 465 745 510; x_wconf 84' lang='lat' dir='ltr'><strong>ipse</strong></span> <span class='ocrx_word' id='word_1_40' title='bbox 765 461 965 499; x_wconf 84' lang='lat' dir='ltr'><strong>videbitur</strong></span> <span class='ocrx_word' id='word_1_41' title='bbox 984 463 1074 508; x_wconf 86' lang='lat' dir='ltr'><strong>illis,</strong></span> 
     </span>
     <span class='ocr_line' id='line_1_8' title="bbox 214 522 1159 571; baseline 0.001 -13"><span class='ocrx_word' id='word_1_42' title='bbox 214 527 472 571; x_wconf 81' lang='lat' dir='ltr'><strong>pacatumque</strong></span> <span class='ocrx_word' id='word_1_43' title='bbox 492 525 607 569; x_wconf 75' lang='lat' dir='ltr'><strong>reget</strong></span> <span class='ocrx_word' id='word_1_44' title='bbox 626 523 762 569; x_wconf 87' lang='lat' dir='ltr'><strong>patriis</strong></span> <span class='ocrx_word' id='word_1_45' title='bbox 782 523 994 558; x_wconf 84' lang='lat' dir='ltr'><strong>virtutibus</strong></span> <span class='ocrx_word' id='word_1_46' title='bbox 1013 522 1159 559; x_wconf 84' lang='lat' dir='ltr'><strong>orbem.</strong></span> 
     </span>
    </p>

    <p class='ocr_par' dir='ltr' id='par_1_3' title="bbox 213 579 1392 1857">
     <span class='ocr_line' id='line_1_9' title="bbox 264 579 1202 629; baseline 0 -11"><span class='ocrx_word' id='word_1_47' title='bbox 264 581 320 618; x_wconf 87' lang='lat' dir='ltr'><strong>At</strong></span> <span class='ocrx_word' id='word_1_48' title='bbox 338 582 413 617; x_wconf 88' lang='lat' dir='ltr'><strong>tibi</strong></span> <span class='ocrx_word' id='word_1_49' title='bbox 431 583 569 629; x_wconf 71' lang='lat' dir='ltr'><strong>prima,</strong></span> <span class='ocrx_word' id='word_1_50' title='bbox 589 592 699 628; x_wconf 83' lang='lat' dir='ltr'><strong>puer,</strong></span> <span class='ocrx_word' id='word_1_51' title='bbox 719 579 828 616; x_wconf 90' lang='lat' dir='ltr'><strong>nullo</strong></span> <span class='ocrx_word' id='word_1_52' title='bbox 847 581 1079 617; x_wconf 87' lang='lat' dir='ltr'><strong>munuscula</strong></span> <span class='ocrx_word' id='word_1_53' title='bbox 1095 581 1202 618; x_wconf 82' lang='lat' dir='ltr'><strong>cultu</strong></span> 
     </span>
     <span class='ocr_line' id='line_1_10' title="bbox 213 638 1160 686; baseline -0.001 -9"><span class='ocrx_word' id='word_1_54' title='bbox 213 642 379 677; x_wconf 83' lang='lat' dir='ltr'><strong>errantis</strong></span> <span class='ocrx_word' id='word_1_55' title='bbox 398 638 566 674; x_wconf 65' lang='lat' dir='ltr'><strong>hederas</strong></span> <span class='ocrx_word' id='word_1_56' title='bbox 586 639 730 686; x_wconf 89' lang='lat' dir='ltr'><strong>passim</strong></span> <span class='ocrx_word' id='word_1_57' title='bbox 750 651 839 674; x_wconf 89' lang='lat' dir='ltr'><strong>cum</strong></span> <span class='ocrx_word' id='word_1_58' title='bbox 859 638 1021 676; x_wconf 83' lang='lat' dir='ltr'><strong>baccare</strong></span> <span class='ocrx_word' id='word_1_59' title='bbox 1040 639 1160 677; x_wconf 85' lang='lat' dir='ltr'><strong>tellus</strong></span> 
     </span>
     <span class='ocr_line' id='line_1_11' title="bbox 213 696 1387 747; baseline 0.001 -12"><span class='ocrx_word' id='word_1_60' title='bbox 213 702 414 747; x_wconf 74' lang='lat' dir='ltr'><strong>mixtaque</strong></span> <span class='ocrx_word' id='word_1_61' title='bbox 434 697 584 733; x_wconf 76' lang='lat' dir='ltr'><strong>ridenti</strong></span> <span class='ocrx_word' id='word_1_62' title='bbox 603 696 794 733; x_wconf 83' lang='lat' dir='ltr'><strong>colocasia</strong></span> <span class='ocrx_word' id='word_1_63' title='bbox 814 696 957 734; x_wconf 84' lang='lat' dir='ltr'><strong>fundet</strong></span> <span class='ocrx_word' id='word_1_64' title='bbox 976 699 1157 735; x_wconf 82' lang='lat' dir='ltr'><strong>acantho.</strong></span> <span class='ocrx_word' id='word_1_65' title='bbox 1338 703 1387 736; x_wconf 76' lang='lat'><strong>20</strong></span> 
     </span>
     <span class='ocr_line' id='line_1_12' title="bbox 213 755 1211 807; baseline 0 -13"><span class='ocrx_word' id='word_1_66' title='bbox 213 761 320 806; x_wconf 79' lang='lat' dir='ltr'><strong>ipsae</strong></span> <span class='ocrx_word' id='word_1_67' title='bbox 340 757 443 792; x_wconf 84' lang='lat' dir='ltr'><strong>lacte</strong></span> <span class='ocrx_word' id='word_1_68' title='bbox 464 756 625 791; x_wconf 85' lang='lat' dir='ltr'><strong>domum</strong></span> <span class='ocrx_word' id='word_1_69' title='bbox 645 755 823 792; x_wconf 84' lang='lat' dir='ltr'><strong>referent</strong></span> <span class='ocrx_word' id='word_1_70' title='bbox 842 756 1018 793; x_wconf 84' lang='lat' dir='ltr'><strong>distenta</strong></span> <span class='ocrx_word' id='word_1_71' title='bbox 1036 758 1211 807; x_wconf 79' lang='lat' dir='ltr'><strong>capellae</strong></span> 
     </span>
     <span class='ocr_line' id='line_1_13' title="bbox 214 816 1207 863; baseline 0 -10"><span class='ocrx_word' id='word_1_72' title='bbox 214 818 348 861; x_wconf 82' lang='lat' dir='ltr'><strong>ubera,</strong></span> <span class='ocrx_word' id='word_1_73' title='bbox 366 828 440 851; x_wconf 83' lang='lat' dir='ltr'><strong>nec</strong></span> <span class='ocrx_word' id='word_1_74' title='bbox 460 827 623 863; x_wconf 81' lang='lat' dir='ltr'><strong>magnos</strong></span> <span class='ocrx_word' id='word_1_75' title='bbox 643 819 829 851; x_wconf 77' lang='lat' dir='ltr'><strong>metuent</strong></span> <span class='ocrx_word' id='word_1_76' title='bbox 848 821 1029 852; x_wconf 86' lang='lat' dir='ltr'><strong>armenta</strong></span> <span class='ocrx_word' id='word_1_77' title='bbox 1050 816 1207 860; x_wconf 87' lang='lat' dir='ltr'><strong>leones;</strong></span> 
     </span>
     <span class='ocr_line' id='line_1_14' title="bbox 214 873 1123 924; baseline 0.001 -13"><span class='ocrx_word' id='word_1_78' title='bbox 214 878 298 924; x_wconf 80' lang='lat' dir='ltr'><strong>ipsa</strong></span> <span class='ocrx_word' id='word_1_79' title='bbox 316 875 389 911; x_wconf 87' lang='lat' dir='ltr'><strong>tibi</strong></span> <span class='ocrx_word' id='word_1_80' title='bbox 410 873 573 910; x_wconf 79' lang='lat' dir='ltr'><strong>blandos</strong></span> <span class='ocrx_word' id='word_1_81' title='bbox 595 873 767 909; x_wconf 73' lang='lat' dir='ltr'><strong>fundent</strong></span> <span class='ocrx_word' id='word_1_82' title='bbox 786 874 981 910; x_wconf 87' lang='lat' dir='ltr'><strong>cunabula</strong></span> <span class='ocrx_word' id='word_1_83' title='bbox 999 874 1123 912; x_wconf 86' lang='lat' dir='ltr'><strong>flores.</strong></span> 
     </span>
     <span class='ocr_line' id='line_1_15' title="bbox 215 931 1128 980; baseline 0 -10"><span class='ocrx_word' id='word_1_84' title='bbox 215 933 370 970; x_wconf 84' lang='lat' dir='ltr'><strong>occidet</strong></span> <span class='ocrx_word' id='word_1_85' title='bbox 390 937 431 969; x_wconf 82' lang='lat' dir='ltr'><strong>et</strong></span> <span class='ocrx_word' id='word_1_86' title='bbox 450 945 624 980; x_wconf 84' lang='lat' dir='ltr'><strong>serpens,</strong></span> <span class='ocrx_word' id='word_1_87' title='bbox 644 937 686 968; x_wconf 89' lang='lat' dir='ltr'><strong>et</strong></span> <span class='ocrx_word' id='word_1_88' title='bbox 705 931 823 968; x_wconf 82' lang='lat' dir='ltr'><strong>fallax</strong></span> <span class='ocrx_word' id='word_1_89' title='bbox 843 932 965 969; x_wconf 87' lang='lat' dir='ltr'><strong>herba</strong></span> <span class='ocrx_word' id='word_1_90' title='bbox 984 937 1128 970; x_wconf 86' lang='lat' dir='ltr'><strong>veneni</strong></span> 
     </span>
     <span class='ocr_line' id='line_1_16' title="bbox 215 990 1388 1040; baseline 0.001 -11"><span class='ocrx_word' id='word_1_91' title='bbox 215 992 391 1034; x_wconf 83' lang='lat' dir='ltr'><strong>occidet;</strong></span> <span class='ocrx_word' id='word_1_92' title='bbox 423 991 625 1040; x_wconf 70' lang='lat' dir='ltr'><strong>Assyrium</strong></span> <span class='ocrx_word' id='word_1_93' title='bbox 645 990 761 1040; x_wconf 81' lang='lat' dir='ltr'><strong>volgo</strong></span> <span class='ocrx_word' id='word_1_94' title='bbox 780 996 964 1028; x_wconf 78' lang='lat' dir='ltr'><strong>nascetur</strong></span> <span class='ocrx_word' id='word_1_95' title='bbox 981 1005 1188 1030; x_wconf 88' lang='lat' dir='ltr'><strong>amomum.</strong></span> <span class='ocrx_word' id='word_1_96' title='bbox 1340 997 1388 1030; x_wconf 74' lang='lat'><strong>25</strong></span> 
     </span>
     <span class='ocr_line' id='line_1_17' title="bbox 215 1048 1111 1099; baseline 0 -11"><span class='ocrx_word' id='word_1_97' title='bbox 215 1057 257 1088; x_wconf 86' lang='lat' dir='ltr'><strong>at</strong></span> <span class='ocrx_word' id='word_1_98' title='bbox 275 1050 390 1088; x_wconf 85' lang='lat' dir='ltr'><strong>simul</strong></span> <span class='ocrx_word' id='word_1_99' title='bbox 410 1049 574 1086; x_wconf 82' lang='lat' dir='ltr'><strong>heroum</strong></span> <span class='ocrx_word' id='word_1_100' title='bbox 595 1048 731 1086; x_wconf 82' lang='lat' dir='ltr'><strong>laudes</strong></span> <span class='ocrx_word' id='word_1_101' title='bbox 751 1054 794 1086; x_wconf 90' lang='lat' dir='ltr'><strong>et</strong></span> <span class='ocrx_word' id='word_1_102' title='bbox 812 1049 919 1087; x_wconf 83' lang='lat' dir='ltr'><strong>facta</strong></span> <span class='ocrx_word' id='word_1_103' title='bbox 938 1054 1111 1099; x_wconf 81' lang='lat' dir='ltr'><strong>parentis</strong></span> 
     </span>
     <span class='ocr_line' id='line_1_18' title="bbox 216 1110 1277 1159; baseline 0.002 -13"><span class='ocrx_word' id='word_1_104' title='bbox 216 1113 293 1146; x_wconf 91' lang='lat' dir='ltr'><strong>iam</strong></span> <span class='ocrx_word' id='word_1_105' title='bbox 312 1110 447 1158; x_wconf 81' lang='lat' dir='ltr'><strong>legere</strong></span> <span class='ocrx_word' id='word_1_106' title='bbox 467 1113 508 1145; x_wconf 80' lang='lat' dir='ltr'><strong>et</strong></span> <span class='ocrx_word' id='word_1_107' title='bbox 527 1121 627 1157; x_wconf 89' lang='lat' dir='ltr'><strong>quae</strong></span> <span class='ocrx_word' id='word_1_108' title='bbox 647 1111 698 1145; x_wconf 88' lang='lat' dir='ltr'><strong>sit</strong></span> <span class='ocrx_word' id='word_1_109' title='bbox 717 1111 866 1158; x_wconf 88' lang='lat' dir='ltr'><strong>poteris</strong></span> <span class='ocrx_word' id='word_1_110' title='bbox 885 1122 1122 1159; x_wconf 86' lang='lat' dir='ltr'><strong>cognoscere</strong></span> <span class='ocrx_word' id='word_1_111' title='bbox 1143 1113 1277 1157; x_wconf 86' lang='lat' dir='ltr'><strong>virtus,</strong></span> 
     </span>
     <span class='ocr_line' id='line_1_19' title="bbox 217 1167 1067 1217; baseline 0 -12"><span class='ocrx_word' id='word_1_112' title='bbox 217 1169 326 1205; x_wconf 86' lang='lat' dir='ltr'><strong>molli</strong></span> <span class='ocrx_word' id='word_1_113' title='bbox 344 1167 534 1217; x_wconf 83' lang='lat' dir='ltr'><strong>paulatim</strong></span> <span class='ocrx_word' id='word_1_114' title='bbox 553 1167 737 1204; x_wconf 87' lang='lat' dir='ltr'><strong>flavescet</strong></span> <span class='ocrx_word' id='word_1_115' title='bbox 756 1181 917 1216; x_wconf 84' lang='lat' dir='ltr'><strong>campus</strong></span> <span class='ocrx_word' id='word_1_116' title='bbox 935 1171 1067 1215; x_wconf 86' lang='lat' dir='ltr'><strong>arista,</strong></span> 
     </span>
     <span class='ocr_line' id='line_1_20' title="bbox 216 1217 1131 1276; baseline -0.002 -12"><span class='ocrx_word' id='word_1_117' title='bbox 216 1227 457 1276; x_wconf 84' lang='lat' dir='ltr'><strong>incultisque</strong></span> <span class='ocrx_word' id='word_1_118' title='bbox 477 1226 624 1262; x_wconf 85' lang='lat' dir='ltr'><strong>rubens</strong></span> <span class='ocrx_word' id='word_1_119' title='bbox 642 1217 839 1275; x_wconf 84' lang='lat' dir='ltr'><strong>pendebit</strong></span> <span class='ocrx_word' id='word_1_120' title='bbox 858 1227 1037 1264; x_wconf 86' lang='lat' dir='ltr'><strong>sentibus</strong></span> <span class='ocrx_word' id='word_1_121' title='bbox 1056 1240 1131 1264; x_wconf 80' lang='lat' dir='ltr'><strong>uva</strong></span> 
     </span>
     <span class='ocr_line' id='line_1_21' title="bbox 219 1284 1391 1334; baseline -0.001 -11"><span class='ocrx_word' id='word_1_122' title='bbox 219 1292 261 1323; x_wconf 91' lang='lat' dir='ltr'><strong>et</strong></span> <span class='ocrx_word' id='word_1_123' title='bbox 280 1286 400 1322; x_wconf 85' lang='lat' dir='ltr'><strong>durae</strong></span> <span class='ocrx_word' id='word_1_124' title='bbox 421 1298 587 1334; x_wconf 84' lang='lat' dir='ltr'><strong>quercus</strong></span> <span class='ocrx_word' id='word_1_125' title='bbox 607 1284 808 1322; x_wconf 87' lang='lat' dir='ltr'><strong>sudabunt</strong></span> <span class='ocrx_word' id='word_1_126' title='bbox 826 1286 980 1322; x_wconf 88' lang='lat' dir='ltr'><strong>roscida</strong></span> <span class='ocrx_word' id='word_1_127' title='bbox 998 1286 1127 1323; x_wconf 87' lang='lat' dir='ltr'><strong>mella.</strong></span> <span class='ocrx_word' id='word_1_128' title='bbox 1342 1290 1391 1323; x_wconf 82' lang='lat'><strong>30</strong></span> 
     </span>
     <span class='ocr_line' id='line_1_22' title="bbox 218 1344 1244 1394; baseline -0.001 -12"><span class='ocrx_word' id='word_1_129' title='bbox 218 1358 340 1394; x_wconf 86' lang='lat' dir='ltr'><strong>pauca</strong></span> <span class='ocrx_word' id='word_1_130' title='bbox 359 1350 495 1381; x_wconf 82' lang='lat' dir='ltr'><strong>tamen</strong></span> <span class='ocrx_word' id='word_1_131' title='bbox 515 1344 708 1380; x_wconf 82' lang='lat' dir='ltr'><strong>suberunt</strong></span> <span class='ocrx_word' id='word_1_132' title='bbox 726 1346 877 1393; x_wconf 82' lang='lat' dir='ltr'><strong>priscae</strong></span> <span class='ocrx_word' id='word_1_133' title='bbox 897 1347 1064 1394; x_wconf 79' lang='lat' dir='ltr'><strong>vestigia</strong></span> <span class='ocrx_word' id='word_1_134' title='bbox 1084 1344 1244 1391; x_wconf 75' lang='lat' dir='ltr'><strong>fraudis,</strong></span> 
     </span>
     <span class='ocr_line' id='line_1_23' title="bbox 219 1401 1340 1454; baseline 0 -14"><span class='ocrx_word' id='word_1_135' title='bbox 219 1417 320 1454; x_wconf 87' lang='lat' dir='ltr'><strong>quae</strong></span> <span class='ocrx_word' id='word_1_136' title='bbox 339 1409 539 1452; x_wconf 79' lang='lat' dir='ltr'><strong>temptare</strong></span> <span class='ocrx_word' id='word_1_137' title='bbox 559 1401 720 1439; x_wconf 84' lang='lat' dir='ltr'><strong>Thetim</strong></span> <span class='ocrx_word' id='word_1_138' title='bbox 738 1404 902 1449; x_wconf 85' lang='lat' dir='ltr'><strong>ratibus,</strong></span> <span class='ocrx_word' id='word_1_139' title='bbox 921 1416 1021 1453; x_wconf 83' lang='lat' dir='ltr'><strong>quae</strong></span> <span class='ocrx_word' id='word_1_140' title='bbox 1042 1407 1201 1452; x_wconf 79' lang='lat' dir='ltr'><strong>cingere</strong></span> <span class='ocrx_word' id='word_1_141' title='bbox 1220 1406 1340 1441; x_wconf 88' lang='lat' dir='ltr'><strong>muris</strong></span> 
     </span>
     <span class='ocr_line' id='line_1_24' title="bbox 220 1461 1205 1512; baseline 0 -13"><span class='ocrx_word' id='word_1_142' title='bbox 220 1462 377 1512; x_wconf 77' lang='lat' dir='ltr'><strong>oppida,</strong></span> <span class='ocrx_word' id='word_1_143' title='bbox 396 1475 495 1511; x_wconf 78' lang='lat' dir='ltr'><strong>quae</strong></span> <span class='ocrx_word' id='word_1_144' title='bbox 517 1462 682 1498; x_wconf 73' lang='lat' dir='ltr'><strong>iubeant</strong></span> <span class='ocrx_word' id='word_1_145' title='bbox 701 1461 834 1498; x_wconf 75' lang='lat' dir='ltr'><strong>&#39;telluri</strong></span> <span class='ocrx_word' id='word_1_146' title='bbox 855 1462 1048 1499; x_wconf 85' lang='lat' dir='ltr'><strong>infindere</strong></span> <span class='ocrx_word' id='word_1_147' title='bbox 1068 1463 1205 1499; x_wconf 84' lang='lat' dir='ltr'><strong>sulcos.</strong></span> 
     </span>
     <span class='ocr_line' id='line_1_25' title="bbox 221 1519 1302 1571; baseline 0.001 -14"><span class='ocrx_word' id='word_1_148' title='bbox 221 1522 322 1558; x_wconf 84' lang='lat' dir='ltr'><strong>alter</strong></span> <span class='ocrx_word' id='word_1_149' title='bbox 343 1523 418 1557; x_wconf 86' lang='lat' dir='ltr'><strong>erit</strong></span> <span class='ocrx_word' id='word_1_150' title='bbox 436 1525 522 1556; x_wconf 87' lang='lat' dir='ltr'><strong>tum</strong></span> <span class='ocrx_word' id='word_1_151' title='bbox 543 1520 707 1569; x_wconf 75' lang='lat' dir='ltr'><strong>Tiphys,</strong></span> <span class='ocrx_word' id='word_1_152' title='bbox 729 1526 770 1557; x_wconf 80' lang='lat' dir='ltr'><strong>ct</strong></span> <span class='ocrx_word' id='word_1_153' title='bbox 789 1519 915 1557; x_wconf 86' lang='lat' dir='ltr'><strong>altera</strong></span> <span class='ocrx_word' id='word_1_154' title='bbox 935 1534 1034 1570; x_wconf 84' lang='lat' dir='ltr'><strong>quae</strong></span> <span class='ocrx_word' id='word_1_155' title='bbox 1055 1521 1173 1558; x_wconf 79' lang='lat' dir='ltr'><strong>vehat</strong></span> <span class='ocrx_word' id='word_1_156' title='bbox 1194 1521 1302 1571; x_wconf 86' lang='lat' dir='ltr'><strong>Argo</strong></span> 
     </span>
     <span class='ocr_line' id='line_1_26' title="bbox 221 1578 1392 1621; baseline 0.002 -6"><span class='ocrx_word' id='word_1_157' title='bbox 221 1580 399 1616; x_wconf 80' lang='lat' dir='ltr'><strong>delectos</strong></span> <span class='ocrx_word' id='word_1_158' title='bbox 418 1578 579 1621; x_wconf 80' lang='lat' dir='ltr'><strong>heroas;</strong></span> <span class='ocrx_word' id='word_1_159' title='bbox 616 1584 734 1616; x_wconf 81' lang='lat' dir='ltr'><strong>erunt</strong></span> <span class='ocrx_word' id='word_1_160' title='bbox 753 1581 874 1615; x_wconf 86' lang='lat' dir='ltr'><strong>etiam</strong></span> <span class='ocrx_word' id='word_1_161' title='bbox 893 1579 1017 1616; x_wconf 85' lang='lat' dir='ltr'><strong>altera</strong></span> <span class='ocrx_word' id='word_1_162' title='bbox 1037 1579 1142 1616; x_wconf 91' lang='lat' dir='ltr'><strong>bella</strong></span> <span class='ocrx_word' id='word_1_163' title='bbox 1344 1583 1392 1617; x_wconf 85' lang='lat'><strong>35</strong></span> 
     </span>
     <span class='ocr_line' id='line_1_27' title="bbox 221 1637 1344 1688; baseline 0 -13"><span class='ocrx_word' id='word_1_164' title='bbox 221 1643 341 1688; x_wconf 85' lang='lat' dir='ltr'><strong>atque</strong></span> <span class='ocrx_word' id='word_1_165' title='bbox 359 1641 504 1674; x_wconf 77' lang='lat' dir='ltr'><strong>iterum</strong></span> <span class='ocrx_word' id='word_1_166' title='bbox 523 1637 571 1673; x_wconf 87' lang='lat' dir='ltr'><strong>ad</strong></span> <span class='ocrx_word' id='word_1_167' title='bbox 592 1638 747 1673; x_wconf 83' lang='lat' dir='ltr'><strong>Troiam</strong></span> <span class='ocrx_word' id='word_1_168' title='bbox 766 1651 932 1687; x_wconf 84' lang='lat' dir='ltr'><strong>magnus</strong></span> <span class='ocrx_word' id='word_1_169' title='bbox 952 1641 1136 1675; x_wconf 85' lang='lat' dir='ltr'><strong>mittetur</strong></span> <span class='ocrx_word' id='word_1_170' title='bbox 1157 1637 1344 1676; x_wconf 86' lang='lat' dir='ltr'><strong>Achilles.</strong></span> 
     </span>
     <span class='ocr_line' id='line_1_28' title="bbox 222 1695 1172 1743; baseline 0.001 -11"><span class='ocrx_word' id='word_1_171' title='bbox 222 1697 314 1732; x_wconf 90' lang='lat' dir='ltr'><strong>hinc</strong></span> <span class='ocrx_word' id='word_1_172' title='bbox 333 1697 400 1732; x_wconf 86' lang='lat' dir='ltr'><strong>ubi</strong></span> <span class='ocrx_word' id='word_1_173' title='bbox 419 1699 495 1732; x_wconf 88' lang='lat' dir='ltr'><strong>iam</strong></span> <span class='ocrx_word' id='word_1_174' title='bbox 515 1695 667 1732; x_wconf 84' lang='lat' dir='ltr'><strong>firmata</strong></span> <span class='ocrx_word' id='word_1_175' title='bbox 686 1699 812 1732; x_wconf 76' lang='lat' dir='ltr'><strong>virum</strong></span> <span class='ocrx_word' id='word_1_176' title='bbox 830 1701 872 1733; x_wconf 87' lang='lat' dir='ltr'><strong>te</strong></span> <span class='ocrx_word' id='word_1_177' title='bbox 891 1696 1033 1733; x_wconf 78' lang='lat' dir='ltr'><strong>fecerit</strong></span> <span class='ocrx_word' id='word_1_178' title='bbox 1050 1702 1172 1743; x_wconf 87' lang='lat' dir='ltr'><strong>aetas,</strong></span> 
     </span>
     <span class='ocr_line' id='line_1_29' title="bbox 223 1755 1195 1804; baseline 0.001 -13"><span class='ocrx_word' id='word_1_179' title='bbox 223 1755 341 1791; x_wconf 84' lang='lat' dir='ltr'><strong>cedet</strong></span> <span class='ocrx_word' id='word_1_180' title='bbox 360 1759 401 1792; x_wconf 88' lang='lat' dir='ltr'><strong>et</strong></span> <span class='ocrx_word' id='word_1_181' title='bbox 418 1757 503 1803; x_wconf 69' lang='lat' dir='ltr'><strong>ipse</strong></span> <span class='ocrx_word' id='word_1_182' title='bbox 524 1757 621 1791; x_wconf 70' lang='lat' dir='ltr'><strong>mari</strong></span> <span class='ocrx_word' id='word_1_183' title='bbox 641 1760 788 1800; x_wconf 84' lang='lat' dir='ltr'><strong>vector,</strong></span> <span class='ocrx_word' id='word_1_184' title='bbox 807 1768 882 1792; x_wconf 89' lang='lat' dir='ltr'><strong>nec</strong></span> <span class='ocrx_word' id='word_1_185' title='bbox 901 1758 1060 1792; x_wconf 88' lang='lat' dir='ltr'><strong>nautica</strong></span> <span class='ocrx_word' id='word_1_186' title='bbox 1079 1758 1195 1804; x_wconf 89' lang='lat' dir='ltr'><strong>pinus</strong></span> 
     </span>
     <span class='ocr_line' id='line_1_30' title="bbox 222 1814 1157 1857; baseline 0 -7"><span class='ocrx_word' id='word_1_187' title='bbox 222 1814 394 1850; x_wconf 79' lang='lat' dir='ltr'><strong>mutabit</strong></span> <span class='ocrx_word' id='word_1_188' title='bbox 411 1825 563 1850; x_wconf 87' lang='lat' dir='ltr'><strong>merces</strong></span> <span class='ocrx_word' id='word_1_189' title='bbox 579 1826 587 1857; x_wconf 92' lang='lat'>;</span> <span class='ocrx_word' id='word_1_190' title='bbox 609 1817 735 1850; x_wconf 88' lang='lat' dir='ltr'><strong>omnis</strong></span> <span class='ocrx_word' id='word_1_191' title='bbox 756 1814 859 1851; x_wconf 83' lang='lat' dir='ltr'><strong>feret</strong></span> <span class='ocrx_word' id='word_1_192' title='bbox 878 1817 1009 1851; x_wconf 85' lang='lat' dir='ltr'><strong>omnia</strong></span> <span class='ocrx_word' id='word_1_193' title='bbox 1027 1814 1157 1851; x_wconf 82' lang='lat' dir='ltr'><strong>tellus.</strong></span> 
     </span>
    </p>
   </div>
   <div class='ocr_carea' id='block_1_3' title="bbox 224 1875 1394 2015">
    <p class='ocr_par' dir='ltr' id='par_1_4' title="bbox 224 1875 1394 2015">
     <span class='ocr_line' id='line_1_31' title="bbox 224 1875 1394 1924; baseline 0.002 -13"><span class='ocrx_word' id='word_1_194' title='bbox 224 1889 303 1912; x_wconf 88' lang='lat' dir='ltr'><strong>non</strong></span> <span class='ocrx_word' id='word_1_195' title='bbox 321 1880 463 1912; x_wconf 80' lang='lat' dir='ltr'><strong>rastros</strong></span> <span class='ocrx_word' id='word_1_196' title='bbox 482 1878 657 1924; x_wconf 84' lang='lat' dir='ltr'><strong>patietur</strong></span> <span class='ocrx_word' id='word_1_197' title='bbox 677 1876 832 1922; x_wconf 83' lang='lat' dir='ltr'><strong>humus,</strong></span> <span class='ocrx_word' id='word_1_198' title='bbox 850 1889 930 1914; x_wconf 89' lang='lat' dir='ltr'><strong>non</strong></span> <span class='ocrx_word' id='word_1_199' title='bbox 948 1879 1064 1913; x_wconf 90' lang='lat' dir='ltr'><strong>vinea</strong></span> <span class='ocrx_word' id='word_1_200' title='bbox 1082 1875 1246 1920; x_wconf 83' lang='lat' dir='ltr'><strong>falcem3</strong></span> <span class='ocrx_word' id='word_1_201' title='bbox 1345 1880 1394 1913; x_wconf 85' lang='lat'><strong>40</strong></span> 
     </span>
     <span class='ocr_line' id='line_1_32' title="bbox 268 1937 1332 1980; baseline 0 -10"><span class='ocrx_word' id='word_1_202' title='bbox 268 1938 298 1957; x_wconf 78' lang='lat'><strong>¹⁸</strong></span> <span class='ocrx_word' id='word_1_203' title='bbox 321 1950 358 1971; x_wconf 87' lang='lat' dir='ltr'><strong>ac</strong></span> <span class='ocrx_word' id='word_1_204' title='bbox 380 1940 418 1971; x_wconf 81' lang='lat' dir='ltr'><strong>R.</strong></span> <span class='ocrx_word' id='word_1_205' title='bbox 566 1937 595 1956; x_wconf 70' lang='lat'><strong>²⁶</strong></span> <span class='ocrx_word' id='word_1_206' title='bbox 620 1949 659 1970; x_wconf 88' lang='lat' dir='ltr'><strong>ac</strong></span> <span class='ocrx_word' id='word_1_207' title='bbox 678 1940 714 1970; x_wconf 79' lang='lat' dir='ltr'><strong>R.</strong></span> <span class='ocrx_word' id='word_1_208' title='bbox 760 1940 910 1978; x_wconf 80' lang='lat' dir='ltr'><strong>parentis</strong></span> <span class='ocrx_word' id='word_1_209' title='bbox 926 1939 1080 1971; x_wconf 66' lang='lat' dir='ltr'><strong>Servius:</strong></span> <span class='ocrx_word' id='word_1_210' title='bbox 1096 1943 1274 1980; x_wconf 85' lang='lat' dir='ltr'><strong>parentum</strong></span> <span class='ocrx_word' id='word_1_211' title='bbox 1292 1941 1332 1971; x_wconf 83' lang='lat' dir='ltr'><strong>R.</strong></span> 
     </span>
     <span class='ocr_line' id='line_1_33' title="bbox 270 1981 1280 2015; baseline 0.002 -3"><span class='ocrx_word' id='word_1_212' title='bbox 270 1981 298 2001; x_wconf 73' lang='lat'><strong>²⁸</strong></span> <span class='ocrx_word' id='word_1_213' title='bbox 324 1983 474 2014; x_wconf 75' lang='lat' dir='ltr'><strong>flavescit</strong></span> <span class='ocrx_word' id='word_1_214' title='bbox 491 1983 528 2013; x_wconf 80' lang='lat' dir='ltr'><strong>R.</strong></span> <span class='ocrx_word' id='word_1_215' title='bbox 720 1981 750 2000; x_wconf 84' lang='lat'><strong>³³</strong></span> <span class='ocrx_word' id='word_1_216' title='bbox 776 1983 933 2014; x_wconf 81' lang='lat' dir='ltr'><strong>tellurem</strong></span> <span class='ocrx_word' id='word_1_217' title='bbox 949 1983 1116 2014; x_wconf 81' lang='lat' dir='ltr'><strong>infindere</strong></span> <span class='ocrx_word' id='word_1_218' title='bbox 1133 1984 1226 2015; x_wconf 90' lang='lat' dir='ltr'><strong>sulco</strong></span> <span class='ocrx_word' id='word_1_219' title='bbox 1241 1984 1280 2014; x_wconf 77' lang='lat' dir='ltr'><strong>R.</strong></span> 
     </span>
    </p>
   </div>
   <div class='ocr_carea' id='block_1_4' title="bbox 228 2041 276 2073">
    <p class='ocr_par' dir='ltr' id='par_1_5' title="bbox 228 2041 276 2073">
     <span class='ocr_line' id='line_1_34' title="bbox 228 2041 276 2073; baseline 0 0"><span class='ocrx_word' id='word_1_220' title='bbox 228 2041 276 2073; x_wconf 84' lang='lat'><strong>30</strong></span> 
     </span>
    </p>
   </div>
  </div>
 </body>
</html>
