1430 2335
640 98 832 136 VIRGIL

147 180 211 217 hic
230 191 369 216 manus
388 179 438 214 ob
457 180 624 227 patriam
643 178 859 227 pugnando
880 178 1040 215 volnera
1060 183 1174 228 passi,
1249 183 1323 221 660

147 245 293 292 quique
312 240 537 277 sacerdotes
557 243 666 285 casti,
687 239 781 276 dum
803 242 882 276 vita
901 241 1102 288 manebat,

147 307 292 354 quique
312 305 367 352 pii
386 307 494 338 vates
514 307 556 338 et
579 301 737 338 Phoebo
756 301 877 351 digna
896 302 1031 348 locuti,

147 369 328 402 inventas
346 368 416 400 aut
435 366 501 413 qui
522 365 642 399 vitam
663 362 873 399 excoluere
897 377 967 413 per
987 368 1094 409 artis,

147 431 293 478 quique
314 428 373 463 sui
391 438 587 461 memores
606 425 758 474 aliquos
778 424 910 462 fecere
930 427 1122 463 merendo
1139 442 1147 466 z

147 490 328 527 omnibus
349 488 408 524 his
427 490 542 524 nivea
562 489 778 536 cinguntur
798 492 979 536 tempora
1000 491 1107 527 vitta.
1252 492 1325 529 665

147 564 243 601 quos
263 548 518 586 circumfusos
538 551 592 584 sic
613 553 674 585 est
693 547 827 585 adfata
847 547 1008 598 Sibylla,

109 636 117 642 ,
150 614 357 663 Qanffliffl
376 615 470 647 ante
490 612 616 646 omnis
634 622 642 653 ;
671 609 847 646 medium
868 624 959 647 nam
979 611 1147 661 plurima
1167 615 1282 651 turba

148 676 254 713 hunc
273 674 396 710 habet
414 677 536 721 atque
556 675 700 708 umeris
722 677 946 709 exstantem
967 677 1130 723 suspicit
1149 675 1239 713 altis
1255 690 1262 714 :

147 742 172 759 “
185 737 320 780 dicite,
340 734 476 771 felices
496 736 663 779 animae,
684 739 822 784 tuque,
843 737 993 783 optime
1014 741 1136 782 vates,

147 812 247 849 quae
268 800 376 846 regio
398 795 616 840 Anchisen,
636 798 721 845 quis
743 795 864 833 habet
884 797 992 834 locus
1011 798 1025 833 ?
1080 798 1185 836 illius
1206 813 1302 849 ergo

147 864 326 898 venimus
347 863 389 895 et
406 870 570 906 magnos
592 857 712 894 Erebi
734 861 974 895 tranavimus
994 860 1160 897 amnis.”
1251 863 1322 900 671

147 929 267 973 atque
287 921 379 957 huic
398 932 630 968 responsum
651 922 784 968 paucis
805 922 860 956 ita
879 920 1056 958 reddidit
1074 921 1190 959 heros
1206 935 1216 961 ι

148 984 284 1021 “nulli
304 987 412 1019 certa
432 981 594 1024 domus;
624 981 720 1025 lucis
742 981 964 1019 habitamus
985 986 1115 1031 opacis

148 1050 400 1096 riparumque
421 1048 525 1080 toros
546 1048 588 1079 et
607 1048 720 1092 prata
741 1046 917 1080 recentia
938 1046 1028 1081 rivis

149 1107 367 1145 incolimus.
425 1104 496 1141 sed
515 1117 592 1150 vos,
615 1107 646 1140 si
667 1103 746 1141 fert
766 1106 822 1141 ita
843 1105 960 1142 corde
983 1106 1177 1153 voluntas,
1255 1109 1328 1147 675

149 1171 223 1207 hoc
243 1172 427 1217 superate
447 1169 598 1215 iugum,
619 1171 660 1202 et
682 1165 787 1202 facili
807 1169 884 1203 iam
904 1170 1065 1204 tramite
1087 1169 1260 1209 sistam.'’

149 1234 250 1269 dixit
269 1235 311 1266 et
330 1233 424 1265 ante
444 1228 538 1264 tulit
556 1240 735 1277 gressum
755 1241 992 1278 camposque
1012 1232 1179 1267 nitentis

150 1295 320 1341 desuper
339 1294 539 1332 ostentat;
569 1288 715 1326 dehinc
736 1302 887 1326 summa
908 1294 1111 1328 cacumina
1130 1292 1326 1343 linquunt.

204 1356 259 1392 At
278 1358 392 1403 pater
412 1351 606 1388 Anchises
628 1354 788 1400 penitus
807 1353 986 1389 convalle
1006 1356 1150 1391 virenti

150 1417 319 1461 inclusas
339 1416 487 1450 animas
508 1426 774 1463 superumque
795 1413 844 1450 ad
864 1414 1000 1451 lumen
1020 1418 1143 1453 ituras
1255 1417 1330 1454 680

151 1478 344 1516 lustrabat
363 1475 495 1513 studio
515 1474 706 1520 recolens,
727 1488 966 1525 omnemque
986 1489 1145 1514 suorum

151 1541 253 1577 sorte
274 1537 508 1575 recensebat
527 1549 736 1572 numerum
757 1549 945 1589 carosque
966 1544 1132 1587 nepotes

151 1602 311 1650 fataque
331 1598 588 1647 fortunasque
610 1600 735 1634 virum
756 1612 963 1648 moresque
984 1613 1214 1650 manusque.

116 1668 124 1710 J
152 1667 262 1713 isque
282 1662 349 1698 ubi
368 1659 606 1697 tendentem
626 1659 834 1696 adversum
855 1673 925 1709 pier
939 1665 1124 1710 gramina
1142 1662 1242 1700 vidit

155 1727 332 1768 Aenean,
352 1722 489 1758 alacris
509 1720 658 1770 palmas
679 1726 864 1771 utrasque
885 1723 1076 1769 tetendit,
1258 1724 1331 1762 685

153 1787 378 1833 effusaeque
398 1785 511 1832 genis
530 1782 714 1819 lacrimae
735 1788 777 1819 et
797 1796 870 1819 vox
893 1784 1041 1820 excidit
1062 1797 1128 1822 ore
1145 1797 1154 1822 t

155 1848 333 1884 “venisti
354 1845 530 1889 tandem,
549 1849 697 1893 tuaque
718 1849 948 1894 exspectata
968 1849 1121 1894 parenti

327 1946 370 1964 ⁶⁶¹
394 1949 547 1976 maneret
564 1945 704 1976 A'onius.
934 1946 977 1965 ⁰⁶¹
1002 1946 1086 1977 aiios
1106 1947 1157 1980 F2.

328 1988 372 2008 ⁸⁸⁵
395 1988 531 2028 alacris]
551 1988 732 2019 lacrimans
751 1987 805 2021 Pl.

156 2054 178 2091 Ol

181 2052 203 2089 Ο(

206 2051 228 2089 [Ο
