1430 2335
682 76 735 112 VI
745 76 873 113 RGIL

243 152 276 186 V
279 165 346 189 ere
365 165 478 197 novo,
499 152 653 200 gelidus
673 155 779 190 canis
800 167 889 190 cum
911 155 1109 191 montibus
1130 168 1240 191 umor

190 205 353 254 liquitur
372 211 414 241 et
433 205 613 255 Zephyro
633 209 758 255 putris
778 219 819 243 se
840 207 980 255 glaeba
999 208 1174 253 resolvit,

189 258 375 320 depresso
395 261 558 307 incipiat
577 262 653 294 iam
674 264 758 295 tum
778 260 874 295 mihi
895 265 1029 297 taurus
1048 266 1178 298 aratro
1311 263 1360 300 45

189 314 402 359 ingemere,
426 317 468 348 et
487 312 594 348 sulco
614 315 774 348 ··1tt1itus
794 313 1070 362 splendescere
1090 327 1234 351 vomer.

188 364 255 400 illa
274 378 388 413 seges
408 365 568 401 demum
591 368 688 401 votis
708 367 923 414 lespondet
943 370 1045 403 avari

188 418 396 465 agricolae,
415 419 474 455 bis
494 432 593 467 quae
615 418 750 464 solem,
771 420 830 456 bis
849 420 993 469 frigora
1013 423 1159 465 sensit3

188 471 319 507 illius
311 485 525 508 immensae
545 477 738 520 ruperunt
758 472 896 509 horrea
915 486 1072 510 messes.

188 530 229 560 at
249 527 354 573 prius
374 528 554 573 ignotum
575 525 679 561 ferro
698 539 814 574 quam
835 526 1048 563 scindimus
1068 541 1225 576 aequor,
1313 530 1362 565 50

189 583 328 614 ventos
348 583 390 615 et
389 556 555 614 Dvarium
578 578 675 614 caeli
696 579 941 627 praediscere
957 593 1107 616 morem

189 645 280 668 cura
300 635 351 668 sit
371 645 414 667 ac
435 634 579 680 patrios
600 632 807 680 cultusque
829 632 1065 682 habitusque
1085 633 1272 679 locorum,

189 690 230 721 et
249 684 344 733 quid
364 698 544 734 quaeque
564 684 666 721 ferat
686 688 793 734 regio
814 691 856 722 et
876 686 970 735 quid
990 700 1169 736 quaeque
1190 693 1358 724 recuset.

189 738 251 773 hic
272 743 443 786 segetes,
462 738 541 774 illic
562 741 727 775 veniunt
746 738 899 775 felicius
919 753 1029 785 uvae,

188 792 340 827 arborei
360 790 465 828 fetus
485 791 590 836 alibi,
610 797 729 840 atque
750 795 894 828 iniussa
916 795 1115 830 virescunt
1311 797 1359 833 55

188 847 374 893 gramina.
432 858 565 880 nonne
587 845 707 887 vides,
727 858 883 882 croceos
904 851 948 882 ut
968 846 1126 882 Tmolus
1147 847 1297 893 odores,

191 898 302 934 India
322 901 447 934 mittit
468 899 577 943 ebur,
597 898 735 934 molles
755 912 823 934 sua
843 904 930 935 tura
950 899 1101 944 Sabaei,

189 957 229 987 at
249 951 443 1000 Chalybes
464 951 559 987 nudi
580 951 740 996 ferrum,
761 955 963 1001 virosaque
989 953 1134 990 Pontus

189 1010 377 1050 castorea,
398 1004 578 1040 Eliadum
598 1004 746 1053 palmas
767 1005 904 1053 Epiros
925 1008 1139 1055 equarum?

189 1061 377 1094 continuo
397 1058 466 1094 has
486 1058 594 1106 leges
614 1063 854 1107 aeternaque
875 1058 1035 1095 foedera
1056 1063 1172 1097 certis
1313 1062 1362 1098 60

188 1114 374 1160 imposuit
395 1116 533 1147 natura
553 1111 660 1156 locis,
680 1125 756 1160 quo
776 1117 956 1160 tempore
976 1115 1146 1161 primum

191 1164 408 1201 Deucalion
431 1177 593 1200 vacuum
614 1165 764 1212 lapides
783 1168 942 1202 iactavit
962 1169 1001 1201 in
1022 1167 1170 1211 orbem,

188 1218 295 1254 unde
316 1218 493 1254 homines
513 1220 609 1262 nati,
629 1218 768 1254 durum
788 1231 924 1266 genus.
983 1232 1077 1268 ergo
1096 1233 1182 1269 age,
1203 1226 1331 1257 terrae

189 1274 337 1320 pingue
358 1271 481 1307 solum
503 1274 636 1319 primis
657 1272 858 1320 extemplo
877 1285 898 1307 a
918 1273 1118 1309 mensibus
1138 1277 1231 1309 anni

188 1324 311 1361 fortes
332 1327 532 1360 invertant
552 1327 663 1368 tauri,
687 1324 924 1374 glaebasque
945 1328 1109 1362 iacentis
1314 1329 1361 1364 65

189 1377 466 1426 pulverulenta
486 1383 629 1426 coquat
649 1381 811 1414 maturis
832 1379 977 1415 solibus
997 1384 1123 1415 aestas
1142 1392 1150 1422 3

188 1437 230 1467 at
249 1434 278 1467 si
300 1444 379 1467 non
399 1430 520 1467 fuerit
538 1430 657 1467 tellus
677 1430 861 1476 fecunda,
881 1433 952 1468 sub
972 1435 1098 1480 ipsum

190 1485 401 1520 Arcturum
423 1487 533 1520 tenui
553 1489 613 1520 sat
633 1487 707 1520 erit
727 1485 968 1532 suspendere
989 1485 1118 1522 sulco:

188 1538 279 1582 illic,
301 1537 470 1573 officiant
491 1538 604 1573 laetis
625 1550 674 1573 ne
696 1538 873 1585 hugibus
893 1538 1053 1583 herbae,

188 1591 265 1635 hic,
285 1591 459 1627 sterilem
481 1593 644 1639 exiguus
665 1604 714 1626 ne
735 1568 892 1627 deserat
912 1605 1023 1628 umor
1043 1592 1241 1629 harenam.
1314 1595 1361 1631 ΤΟ

242 1643 418 1680 Alternis
438 1621 567 1680 idemO
563 1650 694 1680 tonsas
715 1657 865 1680 cessare
885 1645 1033 1681 novalis

189 1703 230 1733 et
249 1710 411 1745 segnem
434 1700 584 1746 patiere
605 1700 681 1733 situ
703 1697 910 1733 durescere
931 1711 1136 1747 campu1n3

188 1756 256 1787 aut
276 1751 329 1786 ibi
350 1751 444 1786 flava
464 1763 568 1787 seres
587 1755 740 1786 mutato
761 1751 888 1787 sidere
909 1750 1022 1796 farra,

274 1859 302 1877 ⁵⁰
324 1870 363 1890 ac
379 1859 483 1890 MPJ?
495 1873 503 1890 .·
520 1863 556 1891 at
573 1873 605 1900 -γ,
780 1859 807 1878 ⁵7
832 1860 950 1891 mittet
967 1860 1169 1892 P1:n1ittat
1184 1860 1247 1892 M2.

275 1903 302 1921 ⁶⁰
324 1902 458 1933 alterna
475 1903 514 1933 P.
781 1902 808 1920 s⁶
832 1903 988 1944 frusribus
1008 1904 1043 1935 R.

275 1944 303 1963 ⁷³
327 1946 453 1975 semine
470 1947 508 1976 [ι’.

190 2005 237 2041 &4
