1430 2335
690 97 884 135 VIRGIL

201 173 377 209 ardentis
396 173 528 209 oculos
547 175 707 210 intorsit
728 174 875 210 lumine
895 174 1047 223 glauco,

202 237 244 269 et
263 236 436 282 graviter
455 234 642 270 frendens
662 237 715 271 sic
735 234 827 271 fatis
847 248 911 271 ora
932 236 1103 272 resolvit.

256 300 279 315 “
294 295 383 331 Non
403 300 445 332 te
465 295 610 332 nullius
631 301 819 333 exercent
838 299 1010 333 numinis
1031 299 1133 332 irae:

203 369 345 405 magna
364 357 440 394 luis
461 360 689 400 commissa;
710 358 782 393 tibi
802 357 871 393 has
890 357 1120 393 miserabilis
1142 355 1325 405 Orpheus

203 417 505 469 haudquaquam
523 419 572 454 ad
594 421 777 455 meritum
799 431 957 468 poenas7
972 421 1010 454 ni
1033 418 1112 453 fata
1127 420 1325 459 resistant,

203 482 367 516 suscitat
387 485 429 516 et
448 485 559 529 rapta
579 483 752 529 graviter
772 493 841 529 pro
861 482 1029 529 coniuge
1049 481 1183 516 saevit.
1301 475 1378 512 456

202 540 271 577 illa
289 541 464 591 quidem,
484 541 580 577 dum
600 546 641 578 te
663 541 823 591 fugeret
842 554 912 590 per
931 541 1090 577 flumina
1108 551 1309 588 praeceps,

203 605 415 639 immanem
436 609 530 640 ante
550 603 674 652 pedes
693 603 862 653 hydrum
884 605 1072 639 moritura
1091 600 1224 650 puella

205 669 427 701 servantem
448 667 550 713 ripas
569 665 647 701 alta
668 678 746 700 non
766 664 867 700 vidit
885 667 925 700 in
946 664 1077 700 herba.

204 731 245 762 at
265 726 405 762 chorus
425 726 600 776 aequalis
621 725 827 775 Dryadum
847 725 1017 761 clamore
1037 736 1238 774 supremos
1304 720 1380 758 460

206 787 424 837 implerunt
444 790 615 831 montis;
644 787 788 823 flerunt
810 787 1064 836 Rhodopeiae
1085 798 1193 822 arces

204 849 362 898 altaque
385 849 566 898 Pangaea
587 854 630 886 et
654 848 771 885 Rhesi
794 849 986 884 Mavortia
1006 847 1126 884 tellus
1301 857 1381 881 Muv

204 915 324 960 atque
345 910 473 948 Getae
491 915 611 960 atque
631 910 789 946 Hebrus
810 915 850 946 et
870 911 1004 945 Actias
1024 908 1218 958 Orithyia.

206 975 289 1022 ipse
309 985 400 1009 cava
420 972 550 1009 solans
568 985 731 1020 aegrum
752 971 953 1008 testudine
973 983 1146 1006 amorem

207 1039 260 1075 te,
279 1033 406 1070 dulcis
427 1036 611 1077 coniunX‚
632 1039 673 1069 te
694 1032 776 1068 solo
796 1034 837 1068 in
857 1032 971 1068 litore
992 1043 1139 1076 secum,
1326 1042 1381 1065 MR

206 1103 246 1134 te
266 1100 453 1134 veniente
473 1097 551 1141 die,
572 1102 613 1133 te
634 1096 857 1133 decedente
878 1096 1056 1132 canebat.
1305 1091 1382 1130 466

206 1159 414 1195 Taenarias
432 1161 552 1195 etiam
573 1158 718 1202 fauces,
738 1157 817 1193 alta
837 1160 935 1193 ostia
956 1157 1074 1202 Ditis,

206 1226 246 1256 et
265 1220 504 1269 caligantem
526 1222 638 1268 nigra
658 1218 869 1255 formidine
890 1218 1021 1254 lucum

205 1285 418 1331 ingressuS,
437 1284 641 1330 manisque
660 1280 759 1316 adiit
780 1293 994 1329 regemque
1014 1278 1265 1315 tremendum

206 1346 417 1392 nesciaque
438 1343 621 1379 humanis
641 1342 825 1391 precibus
846 1354 1118 1377 mansuescere
1140 1340 1267 1376 corda.
1308 1339 1382 1374 470

206 1411 246 1441 at
268 1410 386 1441 cantu
408 1409 629 1440 commotae
650 1403 770 1439 Erebi
790 1404 840 1439 de
861 1402 1018 1438 sedibus
1039 1404 1125 1437 iniis
1305 1411 1384 1435 FMR

206 1467 369 1502 umbrae
390 1466 501 1501 ibant
520 1471 661 1501 tenues
681 1465 967 1513 simulacraque
988 1464 1076 1500 luce
1096 1467 1314 1506 omentum,

208 1541 324 1577 quam
344 1527 469 1563 multa
490 1529 529 1562 in
550 1526 652 1562 foliis
672 1529 801 1562 avium
823 1539 863 1563 se
883 1525 989 1561 milia
1010 1524 1200 1568 condunt,

209 1589 360 1638 Vesper
381 1588 446 1624 ubi
466 1592 535 1623 aut
554 1587 746 1624 hibernus
764 1589 848 1635 agit
868 1587 918 1623 de
939 1585 1140 1622 montibus
1160 1583 1298 1628 imber,

208 1655 354 1686 matres
375 1655 494 1698 atque
516 1651 587 1684 viri
607 1648 877 1697 defunctaque
898 1660 1059 1696 corpora
1079 1649 1159 1683 vita
1309 1646 1382 1682 475

209 1714 506 1760 magnanimum
528 1710 705 1754 heroum,
726 1712 840 1759 pueri
860 1712 1130 1758 innuptaeque
1150 1706 1320 1758 puellae,

207 1775 462 1822 impositique
482 1774 586 1821 rogis
605 1774 767 1808 iuvenes
786 1775 879 1807 ante
899 1783 966 1806 ora
984 1775 1219 1819 parentum3

210 1847 307 1883 quos
327 1836 473 1870 circum
494 1833 610 1869 limus
630 1835 744 1882 niger
764 1837 805 1869 et
825 1831 1012 1868 deformis
1031 1830 1209 1868 harundo

297 1907 339 1926 ⁴¹⁵4
358 1909 429 1938 lues
445 1908 481 1944 R,
501 1907 642 1945 Servius,
662 1906 910 1947 Philafryyrz'us,
928 1906 1032 1937 Berne
1048 1905 1186 1938 Scholia.

298 1951 341 1969 ⁴⁵⁵
358 1951 400 1981 ad
418 1951 469 1981 P:
494 1951 539 1981 ob
557 1950 630 1989 MR,
653 1950 819 1988 Priscian,
841 1949 982 1981 Servius.

295 1994 338 2013 ⁴¹⁶⁰
354 2003 510 2033 supremo
525 1993 597 2025 PR.
946 1992 989 2011 ⁴⁷³
1007 1992 1118 2032 foliis]
1133 1991 1226 2024 silvis
1243 1993 1289 2024 M.

210 2052 287 2086 228
