1430 2335
641 102 674 138 V
683 101 834 139 IRGIL

154 180 218 217 hic
239 180 428 224 Priamus,
442 191 680 228 quamquam
700 181 742 215 in
760 177 891 215 media
910 180 987 214 iam
1006 181 1134 213 morte
1153 180 1329 219 tenetur,

153 248 234 271 non
255 239 391 270 tamen
409 233 602 269 abstinuit
620 245 695 268 nec
714 234 801 268 voci
819 234 978 281 iraeque
999 232 1197 280 pepercit:

154 293 164 309 ‘
177 294 220 324 at
239 288 313 324 tibi
333 300 403 336 pro
423 286 572 323 scelere
588 286 594 297 ’
618 285 826 331 exclamat,
845 289 857 307 ‘
873 298 943 334 pro
962 285 1108 322 talibus
1126 286 1228 320 ausis
1255 286 1329 318 535

154 342 209 387 di,
229 344 260 377 si
280 353 357 390 qua
377 344 438 377 est
457 340 567 377 caelo
587 342 729 388 pietas,
748 351 849 389 quae
868 339 965 376 talia
984 343 1109 382 curet,

154 395 383 444 persolvant
402 398 535 443 grates
554 393 695 441 dignas
715 397 757 429 et
776 395 950 442 praemia
968 391 1140 428 reddant

154 449 305 493 debita,
325 450 393 498 qui
410 450 495 483 nati
514 459 645 483 coram
663 459 728 482 me
748 458 912 483 cernere
930 446 1056 483 letum

155 502 285 540 fecisti
304 506 346 539 et
365 503 513 551 patrios
532 500 701 537 foedasti
719 499 860 537 funere
879 499 1019 536 voltus.

155 562 195 592 at
215 569 293 592 non
315 555 395 599 ille,
416 559 545 591 satum
565 566 641 603 quo
663 558 701 589 te
721 555 914 597 mentiris,
931 552 1125 601 ffehilles
1156 558 1165 563 ’“
1258 553 1333 587 540

155 609 245 645 talis
274 611 313 644 in
333 607 448 644 hoste
469 607 544 644 fuit
565 606 742 650 Priam03
771 606 840 643 sed
860 608 944 642 iura
962 605 1161 654 fidemque

155 662 343 712 supplicis
362 661 519 697 erubuit
538 672 757 709 corpusque
777 672 974 709 exsangue
994 659 1202 708 sepulchro

155 715 332 752 reddidit
353 714 600 751 Hectoreum
619 726 762 762 meque
782 716 823 749 in
842 725 931 749 mea
950 725 1072 762 regna
1092 712 1266 748 remisit.’

156 772 211 806 sic
230 768 333 806 fatus
353 770 494 812 senior,
514 767 720 816 telumque
738 766 900 802 imbelle
920 768 1004 802 sine
1023 768 1104 802 ictu

156 824 339 866 coniecit,
359 834 476 858 rauco
496 820 602 871 quod
621 823 802 869 protinus
820 832 911 856 aere
930 818 1130 868 repulsum
1261 822 1334 854 545

156 881 198 913 et
218 888 370 912 summo
391 874 508 924 clipei
527 876 768 923 nequiquam
786 874 958 910 umbone
978 872 1184 922 pependit.

157 932 219 965 cui
242 928 437 979 Pyrrhus:
467 927 637 965 ‘referes
657 939 751 976 ergo
771 926 869 963 haec
889 931 930 962 et
949 928 1112 962 nuntius
1130 926 1204 962 ibis

159 983 319 1019 Pelidae
340 983 534 1031 genitori;
562 981 620 1017 illi
640 993 728 1017 mea
747 982 875 1017 tristia
894 978 999 1015 facta

157 1037 478 1085 degeneremque
499 1034 809 1083 Neoptolemum
829 1045 985 1070 narrare
1003 1038 1229 1075 memento3

157 1102 263 1126 nunc
300 1089 478 1125 morere.’
536 1088 608 1124 hoc
648 1088 785 1124 dicens
821 1086 957 1122 altaria
995 1086 1045 1122 ad
1084 1089 1168 1135 ipsa
1204 1091 1285 1123 tre-

263 1148 441 1179 mentem
1263 1142 1338 1175 5:30

158 1199 281 1233 traxit
300 1202 341 1233 et
359 1198 400 1232 in
419 1195 547 1232 multo
567 1196 786 1244 lapsantem
808 1195 999 1242 sanguine
1018 1195 1115 1238 nati,

158 1250 433 1299 implicuitque
453 1261 604 1285 comam
624 1248 746 1293 laeva,
765 1246 983 1295 dextraque
1002 1259 1207 1283 coruscum

159 1304 305 1340 extulit
322 1316 367 1339 ac
386 1303 501 1338 lateri
521 1302 660 1351 capulo
678 1306 797 1338 tenus
816 1299 969 1336 abdidit
989 1312 1135 1337 ensem.

146 1357 256 1409 ⁸haec
276 1356 362 1392 finis
384 1356 524 1392 Priami
546 1355 716 1392 fatorum
733 1367 741 1397 ;
770 1354 834 1390 hic
853 1355 982 1390 exitus
996 1353 1109 1389 illum
1263 1356 1338 1389 554

160 1415 264 1447 sorte
284 1410 390 1455 tulit,
411 1410 565 1445 Troiam
585 1411 786 1444 incensam
806 1412 847 1443 et
867 1406 1046 1456 prolapsa
1065 1408 1268 1443 videntem

147 1465 368 1513 ⁴Peigama,
386 1468 448 1500 tot
469 1463 668 1511 quondam
689 1461 844 1510 populis
864 1463 1058 1510 terrisque
1081 1461 1295 1510 superbum

160 1522 413 1566 regnatorem
434 1516 563 1552 Asiae.
621 1519 725 1551 iacet
744 1517 886 1561 ingens
905 1514 1021 1550 litore
1040 1519 1216 1557 truncus,

158 1571 415 1620 avolsumque
437 1572 580 1606 umeris
599 1573 719 1616 caput
738 1573 779 1604 et
799 1570 882 1604 sine
902 1570 1062 1604 nomine
1082 1580 1231 1616 corpus.

213 1628 236 1644 “
251 1625 305 1660 At
324 1637 388 1660 me
408 1629 494 1660 tum
514 1625 684 1671 primum
705 1634 842 1657 saevus
862 1623 1124 1657 circumstetit
1146 1621 1292 1656 horror.

161 1678 358 1727 obstipui;
390 1677 511 1714 subiit
531 1678 609 1712 cari
628 1677 820 1724 genitoris
838 1677 981 1723 imagO,
1091 1679 1097 1685 *
1265 1672 1340 1710 560

161 1736 207 1767 ut
226 1743 362 1779 regem
381 1742 623 1779 aequaevum
644 1728 795 1764 crudeli
815 1728 975 1764 volnere
995 1727 1075 1764 vidi

161 1787 283 1820 vitam
304 1783 583 1827 exhalantem3
602 1777 733 1819 *subiit
753 1781 912 1817 deserta
932 1781 1076 1818 Creusa

164 1843 205 1874 et
221 1837 380 1886 direpta
399 1837 539 1873 domus
559 1838 729 1885 et‘parvi
750 1847 860 1871 casus
882 1834 967 1871 Iuli.

163 1893 328 1939 respicio
349 1895 403 1934 et,
423 1902 523 1939 quae
543 1892 594 1926 sit
614 1902 676 1925 me
697 1891 843 1924 circum
863 1891 986 1937 copia}
1007 1888 1140 1926 lustro.

526 1981 569 2001 ⁵⁵²
594 1993 656 2013 eon
672 1992 692 2013 a
711 1983 748 2014 P.
798 1981 930 2013 laevam
948 1982 987 2012 P.

167 2051 241 2084 330
