1430 2335
654 80 846 117 VIRGIL

159 155 267 204 lapsa
286 155 435 192 cadunt
452 155 558 201 folia,
577 160 646 192 aut
664 156 714 192 ad
732 161 880 193 terram
898 158 1058 205 gurgite
1071 157 1120 193 ab
1137 155 1217 192 alto
1261 159 1338 192 310

158 222 276 257 quam
295 209 445 246 multae
462 209 736 259 glomerantur
752 223 858 256 aves,
876 210 944 246 ubi
962 209 1130 259 frigidus
1148 222 1274 246 annus

158 266 268 299 trans
285 267 454 312 pontum
475 262 590 313 fugat
608 269 650 300 et
668 266 783 300 terris
800 265 984 300 immittit
1001 265 1153 312 apricis.

157 316 317 353 stabant
335 322 494 353 orantes
514 320 629 366 primi
648 319 921 354 transmittere
941 330 1097 353 cursum

155 370 459 420 tendebantque
478 384 616 407 manus
635 374 744 420 ripae
763 371 962 408 ulterioris
979 383 1123 408 amore.

156 426 292 460 navita
311 424 380 460 sed
401 427 526 461 tristis
547 438 652 461 nunc
671 424 743 461 hos
762 437 868 461 nunc
888 427 1033 474 accipit
1051 424 1153 470 illos,
1262 429 1337 461 315

155 482 216 514 ast
235 477 331 514 alios
350 477 469 527 longe
490 479 692 515 submotos
710 484 820 515 arcet
839 478 996 516 harena.

156 532 314 568 Aeneas
332 534 496 568 miratus
516 534 622 569 enim
642 537 851 582 motusque
870 532 1046 569 tumultu

156 589 178 605 “
195 585 297 630 dic,''
319 588 385 630 ait,
406 590 431 606 “
444 599 466 622 ο
485 588 608 635 virgo,
630 586 725 635 quid
744 587 828 623 volt
848 598 1060 623 concursus
1080 585 1128 621 ad
1150 586 1337 622 amnem?

154 639 299 688 quidve
319 644 466 688 petunt
483 642 638 676 animae
654 640 668 676 ?
723 639 785 676 vel
806 653 883 690 quo
902 639 1128 676 discrimine
1147 642 1250 687 ripas

156 692 229 729 hae
247 692 448 742 linquunt,
466 693 558 729 illae
578 695 695 730 remis
714 693 813 730 vada
832 693 952 729 livida
969 697 1134 730 verrunt
1149 694 1163 729 ,Ρ
1178 692 1199 705 ''
1261 696 1337 730 320

154 746 221 782 olli
242 749 295 783 sic
314 748 488 783 breviter
508 747 588 783 fata
608 752 669 784 est
688 747 881 796 longaeva
900 746 1081 784 sacerdos
1099 760 1107 783 ε

154 800 364 836 “Anchisa
382 806 590 849 generate,
609 801 729 837 deum
748 803 967 838 certissima
985 800 1128 850 ploles‚

154 854 258 903 Coc)
263 856 293 890 ti
311 859 451 903 stagna
469 855 550 890 alta
569 854 678 891 vides
698 854 957 905 Stygiamque
977 854 1178 904 paludem,

153 907 194 944 di
213 910 322 944 cuius
341 910 469 945 iurare
489 911 635 944 timent
655 912 697 945 et
717 908 855 945 fallere
876 920 1035 944 numen.
1260 911 1336 944 3⁶34

153 960 251 998 haec
263 964 529 1011 omnis,quam
542 964 683 1007 cernis,
699 964 812 1011 inops
827 961 1112 1011 inhumataque
1129 961 1244 997 turba
1256 966 1334 1004 est3

152 1018 322 1064 portitor
339 1015 407 1052 ille
427 1015 606 1059 Charon3
635 1015 690 1059 hi,
710 1029 806 1065 quos
826 1015 937 1052 vehit
956 1015 1077 1060 unda,
1097 1014 1264 1064 sepulti3

151 1082 227 1106 nec
245 1071 347 1118 ripas
366 1068 483 1106 datur
500 1068 715 1106 horrendas
731 1074 773 1106 et
790 1082 906 1106 rauca
925 1068 1073 1105 fluenta

151 1128 419 1172 transportare
433 1125 540 1173 prius
559 1136 677 1172 quam
697 1123 856 1160 sedibus
875 1136 959 1159 ossa
977 1126 1175 1172 quierunt.

152 1182 314 1213 centum
335 1182 468 1214 errant
482 1190 606 1213 annos
627 1177 876 1227 volitantque
896 1176 993 1213 haec
1014 1176 1128 1213 litora
1149 1179 1293 1212 circum
1313 1187 1322 1220 3

151 1235 237 1266 tum
256 1230 419 1267 demum
433 1230 594 1266 admissi
615 1235 755 1279 stagna
775 1235 963 1279 exoptata
982 1229 1200 1267 revisunt.''
1257 1233 1334 1266 330

151 1286 333 1320 constitit
354 1284 528 1320 Anchisa
554 1289 660 1320 satus
681 1289 724 1320 et
743 1286 911 1333 vestigia
928 1286 1083 1333 pressit,

150 1337 276 1374 multa
295 1343 440 1386 putans
457 1342 685 1387 sortemque
703 1340 826 1374 animi
844 1340 1052 1374 miseratus
1070 1339 1256 1386 iniquam.

151 1404 216 1428 cei
219 1394 280 1428 111t
299 1392 352 1427 ibi
371 1396 544 1427 maestos
565 1397 605 1428 et
627 1394 764 1427 mortis
783 1391 934 1428 honore
954 1393 1125 1428 carentis

152 1445 386 1494 Leucaspim
407 1450 449 1482 et
466 1445 498 1480 Ι
500 1447 610 1494 yciae
631 1444 772 1481 ductm
776 1458 839 1481 em
860 1444 991 1481 classis
1013 1444 1210 1488 Oronten,

150 1512 248 1547 quos
267 1498 381 1535 simul
401 1499 451 1535 ab
469 1498 585 1534 Troia
604 1504 770 1535 ventosa
788 1511 859 1548 per
876 1511 1047 1548 aequora
1065 1503 1198 1534 Ὺθοῒοε
1258 1501 1332 1535 335

151 1553 282 1588 obluit
303 1552 463 1597 Auster
483 1565 584 1601 aqua
604 1552 736 1588 ἱηνοΙῪ
740 1565 809 1588 ens
828 1565 1048 1601 navemque
1068 1565 1126 1588 vn
1129 1564 1260 1601 osque

206 1605 308 1642 Ecce
330 1606 573 1655 gubernator
593 1618 678 1642 sese
701 1606 907 1642 Palinurus
926 1606 1084 1655 agebat,

151 1662 219 1708 qui
240 1658 390 1708 Libyco
410 1672 537 1708 nuper
557 1672 684 1704 cursu,
705 1659 800 1696 dum
820 1659 948 1695 sidera
968 1663 1110 1704 servat,

152 1713 355 1749 exciderat
376 1716 499 1762 puppi
521 1713 664 1749 mediis
685 1713 830 1750 effusus
850 1715 890 1748 in
912 1712 1039 1749 undis.

152 1766 257 1802 hunc
276 1767 343 1802 ubi
365 1769 427 1802 vix
447 1767 574 1803 multa
594 1772 790 1804 maestum
810 1769 997 1816 cognovit
1016 1768 1057 1802 in
1078 1766 1226 1812 umbra,
1257 1769 1333 1802 340

280 1852 328 1872 ³²⁰
354 1858 493 1886 vertunt
508 1856 548 1887 P.
896 1852 943 1872 ³²⁹
969 1855 1066 1894 haec]
1081 1855 1115 1885 hi
1132 1853 1188 1885 ΡΙ.

280 1896 328 1915 ³³²
352 1899 468 1929 animo
484 1899 565 1929 PR:
585 1898 691 1929 animi
708 1899 749 1929 M
762 1898 947 1938 (withfinal
962 1898 972 1928 i
989 1898 1101 1929 erased
1117 1896 1195 1936 M2).

281 1939 329 1957 ³³⁴
352 1941 514 1971 Orontem
536 1939 622 1971 MR:
639 1941 791 1973 Oronten
803 1941 842 1974 P.

285 1982 332 2001 ³³⁵
357 1985 399 2013 ab
416 1982 458 2014 P¹
473 1994 481 2014 ε
500 1994 518 2014 a
534 1982 659 2015 MP2R.
895 1982 941 2002 ³³⁶
969 1983 1144 2022 virumque
1157 1982 1214 2016 P¹.

153 2041 226 2075 528
