1430 2335
660 92 853 129 VIRGIL

166 172 191 189 “
206 168 313 204 nulla
333 173 490 205 tuarum
510 167 645 204 audita
665 167 760 204 mihi
781 181 910 218 neque
931 170 1011 205 visa
1030 181 1219 216 sororum,

167 239 363 275 oss—quam
376 231 417 263 te
434 239 662 272 memorem,
672 228 805 276 virgo?
825 240 996 277 namque
1012 227 1117 264 haud
1131 230 1202 265 tibi
1217 228 1345 265 voltus

166 285 355 330 mortalis,
376 298 451 322 nec
474 298 545 321 vox
567 285 769 322 hominem
790 291 927 330 sonat;
958 299 981 322 o
1001 286 1075 323 dea
1095 293 1201 324 certe
1220 288 1227 323 !

165 357 215 379 an
238 343 386 381 Phoebi
406 357 513 380 soror
530 345 543 380 ?
598 358 649 380 an
670 345 941 395 Nympharum
964 348 1165 394 sanguinis
1185 347 1291 382 una?

166 404 216 439 sis
232 402 327 439 felix
344 408 602 452 nostrumque
617 403 738 449 leves,
751 416 1036 453 quaecumque,
1048 404 1237 450 laborem,
1270 408 1345 441 3:30

167 465 209 497 et
228 473 306 510 quo
327 461 398 497 sub
418 462 527 497 caelo
550 462 727 507 tandem,
748 463 888 511 quibus
909 463 1012 499 orbis
1031 465 1071 498 in
1093 465 1168 498 oris

166 521 369 565 iactemur,
391 520 533 556 doceas
551 533 559 563 ;
589 522 714 569 ignari
734 520 1020 570 hominumque
1039 520 1292 570 locorumque

165 589 354 624 erramus,
376 584 495 615 vento
517 578 592 615 huc
614 581 734 615 vastis
754 585 796 616 et
816 579 996 616 fluctibus
1017 582 1095 616 acti
1113 593 1121 624 ;

163 637 292 673 multa
311 639 384 674 tibi
404 643 498 674 ante
517 651 602 674 aras
622 643 756 674 nostra
777 638 893 675 cadet
912 638 1041 675 hostia
1060 638 1237 676 dextra.’'

219 695 321 732 Tum
352 696 509 733 Venus:
547 700 572 717 “
586 696 692 733 haud
724 697 908 747 equidem
940 697 1010 734 tali
1048 711 1112 734 me
1150 698 1293 747 dignor

271 755 419 791 honore
436 768 444 798 ;
1269 760 1343 794 335

165 814 381 862 virginibus
401 813 529 864 Tyriis
548 827 631 850 mos
652 819 713 850 est
732 820 887 863 gestare
909 814 1134 864 pharetram

165 886 442 922 purpureoque
462 872 543 909 alte
563 886 670 909 suras
691 876 837 910 vincire
858 873 1062 911 cothurno.

168 931 314 967 Punica
333 944 457 980 regna
479 931 601 977 vides,
622 932 762 982 Tyrios
782 937 823 968 et
846 932 1043 981 Agenoris
1064 933 1227 978 urbem3

165 990 235 1027 sed
255 990 351 1026 fines
373 990 524 1040 Libyci,
545 1004 671 1040 genus
692 991 942 1029 intractabile
964 992 1079 1030 bellO.

164 1052 375 1098 imperium
397 1048 501 1085 Dido
524 1049 640 1100 Tyria
659 1053 763 1099 regit
783 1051 877 1087 urbe
899 1050 1089 1100 profecta,
1268 1056 1344 1088 340

164 1121 400 1156 germanum
422 1108 592 1157 fugiens,
650 1109 767 1158 longa
788 1114 849 1146 est
868 1111 1023 1156 iniuria,
1042 1111 1184 1159 longae

164 1167 373 1216 ambages3
403 1167 471 1203 sed
493 1180 647 1203 Summa
667 1180 807 1217 sequar
827 1168 983 1217 fastigia
1001 1182 1144 1206 rerum.

164 1225 254 1261 huic
274 1228 444 1262 coniunx
465 1225 664 1275 Sychaeus
685 1232 782 1270 erat,
802 1227 1018 1264 ditissimus
1037 1231 1121 1278 agri

166 1284 408 1321 Phoenicum
429 1289 470 1321 et
490 1298 634 1334 magno
655 1288 820 1322 miserae
841 1286 1010 1323 dilectus
1029 1300 1174 1334 amore,

163 1346 223 1378 cui
245 1348 358 1391 pater
377 1346 567 1379 intactam
584 1343 752 1380 dederat
772 1347 985 1394 primisque
1005 1348 1159 1395 iugarat
1267 1352 1340 1385 345

162 1403 366 1439 ominibus.
424 1402 492 1439 sed
514 1415 637 1451 regna
655 1402 749 1453 Tyri
769 1417 979 1452 germanus
999 1404 1171 1442 habebat

165 1460 409 1510 Pygmalion,
429 1461 578 1497 scelere
597 1466 691 1498 ante
711 1462 805 1498 alios
827 1465 1033 1499 immanior
1051 1467 1188 1501 omiss.

162 1533 258 1569 quos
279 1523 383 1556 inter
405 1519 560 1556 medius
581 1523 693 1557 venit
715 1521 831 1558 furor.
889 1522 957 1558 ille
979 1521 1200 1572 Sychaeum

160 1582 304 1627 impius
325 1584 418 1615 ante
437 1592 522 1615 aras
541 1584 660 1629 atque
682 1583 764 1616 auri
785 1593 922 1617 caecus
942 1594 1075 1617 amore

161 1637 261 1673 clam
283 1637 384 1673 ferro
405 1640 606 1673 incautum
630 1643 801 1686 superat,
824 1651 983 1675 securus
1003 1653 1180 1677 amorum
1264 1645 1339 1678 350

161 1708 375 1745 germanae
394 1709 402 1740 ;
432 1695 661 1745 factumque
683 1696 749 1733 diu
771 1697 912 1733 celavit
935 1703 975 1734 et
994 1711 1154 1747 aegram

159 1753 286 1790 multa
305 1753 429 1790 malus
449 1755 636 1790 simulans
656 1768 756 1790 vana
776 1768 844 1804 spe
864 1755 957 1791 lusit
976 1762 1188 1794 amantem.

160 1818 244 1864 ipsa
264 1816 333 1852 sed
355 1818 395 1852 in
415 1818 561 1852 somnis
582 1816 776 1852 inhumati
797 1819 907 1853 venit
927 1820 1056 1867 imago

160 1877 362 1923 coniugis3
391 1887 457 1910 ora
477 1875 604 1910 modis
625 1875 812 1911 attollens
833 1876 979 1924 pallida
1000 1879 1105 1914 miris

244 1952 290 1971 ³³³
314 1956 344 1984 et
364 1954 469 1984 vastis
488 1953 580 1987 M1R.
824 1954 871 1973 ³⁴³
896 1956 1024 1988 medios
1039 1956 1085 1995 M,
1104 1957 1245 1991 Sere-ius.

158 2014 232 2051 264«
