1430 2335
705 94 898 133 VIRGIL

270 176 309 212 Si
330 188 421 212 vero
445 175 566 210 solem
587 172 637 209 ad
657 173 838 223 rapidum
858 173 1049 223 lunasque
1072 175 1276 223 sequentis

215 229 354 265 ordine
374 230 571 276 respicieS,
591 240 804 276 numquam
824 232 864 263 te
885 230 1053 263 crastina
1073 226 1186 264 fallet
1315 229 1389 261 425

216 280 311 316 hora
330 294 460 330 neque
481 280 630 316 insidiis
651 282 777 316 noctis
798 283 952 328 capiere
973 292 1147 318 serenae.

216 334 308 370 luna
328 336 568 371 revertentis
588 346 678 369 cum
699 335 868 382 primum
890 332 1043 382 colligit
1063 335 1178 382 ignis,

215 389 246 423 si
266 390 425 436 nigrum
446 387 612 423 obscuro
632 386 929 435 comprenderit
948 390 1037 422 aera
1057 399 1192 431 cornu,

213 453 419 477 maxumus
437 439 618 489 agricolis
638 439 860 488 pelagoque
879 439 1080 488 parabitur
1098 440 1225 475 imber
1242 452 1250 476 ε

213 498 255 530 at
267 496 298 529 si
319 496 541 543 virgineum
563 492 771 529 suffuderit
790 505 858 529 ore
879 493 1076 537 ruborem,
1313 494 1389 527 430

213 552 355 583 ventus
376 549 452 584 erit
469 559 477 591 ;
507 551 626 583 vento
645 558 801 595 semper
821 546 939 582 rubet
956 558 1075 582 aurea
1098 545 1268 582 Phoebe.

214 602 273 635 sin
293 605 381 636 ortu
401 605 542 649 quarto
561 599 750 649 (namque
770 601 800 634 is
820 600 1059 636 certissimus
1077 598 1231 648 auctor)

214 666 310 701 pura
329 666 459 703 neque
480 654 657 689 obtunsis
680 665 751 701 per
770 652 923 688 caelum
943 652 1126 688 cornibus
1145 652 1229 696 ibit,

214 711 322 743 totus
343 711 384 743 et
404 707 471 742 ille
492 706 576 742 dies
597 710 640 741 et
658 708 724 754 qui
746 710 957 741 nascentur
977 706 1026 742 ab
1045 705 1113 742 illo

213 765 397 796 exactum
417 759 467 795 ad
487 772 665 795 mensem
685 759 818 807 pluvia
838 762 1047 808 ventisque
1067 758 1272 802 carebunt,
1313 761 1387 794 435

214 818 381 862 votaque
403 815 546 849 servati
567 812 722 848 solvent
742 815 783 848 in
802 811 917 848 litore
938 817 1083 848 nautae

213 865 363 902 Glauco
385 871 426 902 et
448 866 654 914 Panopeae
675 870 717 902 et
739 864 835 901 Inoo
856 865 1101 902 Melicertae.

212 920 268 955 sol
290 932 446 968 quoque
467 924 508 955 et
528 921 707 955 exoriens
727 924 769 955 et
789 931 878 954 cum
898 931 939 955 se
960 919 1106 955 condet
1126 921 1166 954 in
1186 917 1310 954 undas

213 975 324 1021 signa
345 973 483 1016 dabit3
512 972 636 1008 solem
656 974 875 1008 certissima
895 974 1008 1021 signa
1028 976 1261 1021 sequuntur,

212 1031 254 1062 ct
273 1039 374 1075 quae
394 1038 510 1062 mane
531 1025 655 1062 refert
673 1030 716 1062 et
735 1038 837 1074 quae
856 1026 1109 1074 surgentibus
1128 1027 1250 1062 astris.
1312 1028 1388 1060 440

211 1079 278 1115 ille
299 1080 366 1117 ubi
386 1084 617 1115 nascentem
635 1079 797 1114 maculis
816 1081 1024 1115 variaverit
1046 1083 1177 1114 ortum

211 1133 394 1168 conditus
414 1134 455 1167 in
474 1133 620 1169 nubem
638 1132 850 1181 medioque
870 1130 1065 1181 refugerit
1083 1132 1191 1177 orbe,

211 1188 386 1235 suspecti
406 1186 480 1221 tibi
504 1188 582 1221 sint
602 1185 746 1221 imbres
765 1197 773 1227 ;
801 1198 971 1234 namque
992 1190 1110 1234 urget
1130 1185 1179 1220 ab
1199 1184 1280 1220 alto

210 1240 490 1288 arboribusque
511 1241 686 1287 satisque
708 1238 835 1274 Notus
855 1240 1065 1287 pecorique
1085 1240 1256 1274 sinister.

210 1297 279 1328 aut
298 1293 364 1328 ubi
385 1293 456 1328 sub
476 1291 607 1328 lucem
628 1292 750 1328 densa
769 1294 875 1327 inter
894 1291 1029 1327 nubila
1049 1304 1135 1328 sese
1310 1293 1384 1325 445

211 1346 354 1381 diversi
375 1350 564 1394 rumpent
584 1345 696 1390 radii,
715 1350 783 1381 aut
804 1345 868 1380 ubi
887 1344 1035 1393 pallida
1054 1349 1191 1394 surget

211 1398 374 1434 Tithoni
396 1411 577 1434 croceum
596 1398 781 1447 linquens
801 1397 953 1434 Aurora
973 1397 1116 1441 cubile,

211 1452 287 1488 heu
304 1452 310 1486 l
351 1453 454 1489 male
474 1457 558 1488 tum
579 1454 685 1488 mitis
705 1451 901 1488 defendet
919 1453 1128 1500 pampinus
1147 1463 1240 1486 uvas
1258 1463 1266 1486 τ

210 1510 291 1541 tam
310 1505 435 1541 multa
455 1508 495 1541 in
516 1507 633 1541 tectis
653 1507 851 1553 crepitans
871 1504 961 1540 salit
980 1504 1137 1540 horrida
1157 1503 1318 1552 grando.

210 1558 283 1595 hoc
304 1561 438 1601 etiam,
459 1571 620 1594 emenso
641 1571 730 1593 cum
751 1560 828 1593 iani
850 1556 1013 1594 decedit
1032 1557 1218 1606 Olympo,
1309 1560 1384 1593 450

210 1612 403 1660 profuerit
423 1614 648 1648 meminisse
668 1613 793 1659 magis
812 1623 820 1654 3
849 1623 941 1646 nam
961 1623 1079 1659 saepe
1100 1609 1278 1646 videmus

208 1668 328 1713 ipsius
348 1668 387 1700 111
406 1665 514 1700 voltu
535 1667 657 1700 varios
677 1676 807 1700 errare
827 1664 975 1700 colores
992 1677 1000 1700 z

210 1718 413 1754 caeruleus
434 1718 605 1766 pluviam
625 1717 1002 1766 denuntiat,igneus
1022 1716 1172 1759 Euros3

210 1774 268 1807 sin
289 1771 465 1807 maculae
480 1773 675 1819 incipient
696 1770 812 1806 rutilo
826 1772 1082 1806 immiscerier
1101 1771 1198 1818 igni,

209 1827 340 1860 omnia
359 1829 441 1859 tum
465 1827 611 1873 pariter
631 1828 750 1859 vento
770 1824 991 1872 nimbisque
1012 1823 1163 1859 videbis
1308 1827 1381 1859 455

253 1892 299 1910 ⁴¹³⁰
322 1895 380 1923 aut
396 1893 458 1923 M1.
655 1891 702 1910 ⁴³⁴¹
725 1894 882 1923 nascetur
899 1892 935 1922 R.
1041 1889 1087 1909 4³⁶
1109 1891 1151 1922 ad
1169 1891 1267 1922 litora
1287 1890 1326 1924 R.

253 1935 298 1953 “³³⁹
323 1938 505 1973 sequentur
521 1936 567 1966 M.
657 1934 704 1953 ⁴¹4⁶
727 1938 890 1974 rumpunt
905 1935 942 1965 R.
981 1934 1090 1973 surgit
1106 1934 1144 1964 R.

252 1977 298 1997 ⁴⁵⁰
322 1978 461 2010 decedet
476 1977 543 2017 γὸσ.
658 1976 705 1997 ‘¹⁵⁴
727 1978 898 2018 incipiunt
914 1976 1032 2017 M111'7.

216 2038 286 2069 llo
