1430 2335
682 93 875 130 VIRGIL

243 167 363 204 Poma
383 180 552 217 quoque,
573 172 618 205 ut
637 171 807 218 primum
828 174 990 206 truncos
1015 181 1174 206 sensere
1196 167 1362 205 valentis

189 234 232 265 et
251 231 341 265 viris
362 229 535 265 habuere
556 242 655 273 suas,
674 229 725 266 ad
744 230 874 267 sidera
893 233 1037 280 raptim

189 292 226 325 vi
246 293 401 338 propria
420 293 603 326 nituntur
622 294 786 341 opisque
798 291 907 329 haud
919 291 1056 341 indiga
1068 295 1238 328 nostrae.

189 365 261 387 nec
280 354 410 388 minus
430 354 584 388 interea
603 351 688 389 fetu
709 366 850 389 nemus
870 365 988 389 omne
1009 355 1218 402 gravescit,

189 411 493 460 sanguineisque
514 412 663 448 inculta
683 411 830 448 rubent
849 413 992 447 aviaria
1012 412 1131 448 bacis.
1286 414 1362 447 430

189 468 408 506 tondentur
429 472 556 519 cytisi,
578 469 714 507 taedas
734 469 829 506 silva
849 470 929 506 alta
950 472 1162 514 ministrat,

187 533 482 578 pascunturque
502 531 615 578 ignes
635 531 820 565 nocturni
840 534 882 566 et
901 529 1052 565 lumina
1071 528 1257 566 fundunt.

188 591 230 622 et
242 586 430 623 dubitant
442 587 625 624 homines
638 601 769 625 serere
782 593 902 638 atque
918 587 1149 637 impendere
1164 601 1297 624 curam
1312 589 1327 624 ?

188 645 282 693 quid
297 649 444 682 maiora
464 647 633 696 sequar?
663 646 802 684 salices
822 646 1072 696 humilesque
1092 649 1286 696 genistae,

187 710 257 741 aut
272 705 362 741 illae
375 708 509 754 pecori
525 705 709 742 frondem
724 710 792 742 aut
806 705 1029 754 pastoribus
1043 705 1222 742 umbram
1286 709 1361 742 435

186 763 385 800 sufficiunt
404 777 643 814 saepemque
664 766 757 801 satis
778 769 820 801 et
840 764 983 813 pabula
1002 763 1123 800 melli.

188 826 230 858 et
249 825 358 859 iuvat
376 822 598 859 undantem
619 823 722 860 buxo
743 827 923 872 spectare
944 822 1135 872 Cytorum

190 882 460 931 Naryciaeque
481 883 577 930 picis
596 881 717 924 lucos,
737 883 845 918 iuvat
863 894 952 917 arva
973 881 1109 917 videre

187 954 265 976 non
286 943 431 985 rastris,
453 939 657 976 hominum
677 953 756 976 non
776 939 846 975 ulli
866 940 1033 976 obnoxia
1052 952 1180 977 curae.

187 1002 293 1050 ipsae
314 999 499 1036 Caucasio
519 999 674 1035 steriles
693 1000 732 1034 in
755 1001 904 1035 vertice
923 998 1055 1042 silvae,
1287 1003 1362 1036 440

187 1071 281 1108 quas
300 1060 463 1094 animosi
483 1058 578 1094 Euri
598 1058 762 1094 adsidue
782 1056 1051 1107 franguntque
1072 1057 1299 1107 feruntque,

186 1117 285 1153 dant
304 1117 400 1153 alios
421 1117 519 1153 aliae
540 1116 658 1157 fetus,
679 1116 777 1152 dant
797 1116 897 1152 utile
918 1116 1071 1165 lignum

187 1178 352 1224 navigiis
372 1177 498 1223 pinos,
520 1174 702 1211 domibus
723 1174 966 1223 cedrumque
986 1186 1293 1223 cupressosque3

186 1233 278 1270 hinc
299 1234 428 1270 radios
448 1236 594 1269 trivere
616 1235 725 1276 rotis,
748 1233 839 1269 hinc
859 1238 1050 1282 tympana
1068 1233 1253 1281 plaustris

186 1292 396 1341 agricolae,
418 1296 459 1328 et
479 1291 630 1340 pandas
649 1292 800 1327 ratibus
822 1303 989 1340 posuere
1010 1293 1172 1329 carinas.
1284 1295 1358 1328 445

186 1351 396 1387 viminibus
416 1350 553 1386 salices
576 1349 784 1394 fecundae,
805 1349 1011 1386 frondibus
1031 1349 1139 1396 ulmi,

184 1415 226 1446 at
244 1415 396 1459 myrtus
415 1408 552 1444 validis
573 1408 780 1444 hastilibus
799 1414 838 1444 et
859 1409 961 1444 bona
980 1407 1086 1444 bello

185 1481 338 1513 cornus,
360 1468 536 1503 Ituraeos
555 1470 637 1503 taxi
657 1471 896 1516 torquentur
914 1469 955 1502 in
974 1479 1098 1504 arcus.

184 1539 258 1563 nec
278 1526 387 1563 tiliae
408 1526 514 1562 leves
534 1530 603 1561 aut
622 1531 739 1562 torno
759 1526 874 1562 rasile
895 1526 1043 1562 buxum

183 1599 262 1622 non
283 1586 447 1622 sormam
466 1587 667 1633 accipiunt
687 1584 870 1634 ferroque
889 1589 1079 1620 cavantur
1098 1588 1224 1620 acuto.
1282 1588 1355 1620 450

183 1658 256 1681 nec
276 1658 354 1680 non
376 1649 418 1680 et
436 1649 657 1680 torrentem
676 1643 824 1679 undam
843 1642 940 1679 levis
959 1645 1114 1678 innatat
1132 1642 1245 1678 alnus

182 1706 298 1740 missa
319 1703 438 1748 Pado,
458 1716 532 1739 nec
552 1715 631 1738 non
655 1706 697 1739 et
716 1715 810 1751 apes
831 1703 1010 1738 examina
1032 1700 1208 1737 condunt

182 1763 472 1811 corticibusque
492 1763 595 1797 cavis
614 1762 858 1810 vitiosaeque
879 1760 977 1796 ilicis
995 1759 1094 1795 alvo.

182 1821 276 1870 quid
296 1819 595 1857 memorandum
615 1831 742 1868 aeque
763 1818 958 1855 Baccheia
976 1818 1080 1854 dona
1098 1817 1304 1854 tulerunt?

183 1878 358 1915 Bacchus
377 1884 419 1915 et
437 1878 489 1914 ad
508 1878 664 1927 culpam
684 1891 818 1914 causas
837 1877 973 1920 dedit;
993 1876 1060 1913 ille
1076 1876 1243 1912 furentis
1280 1879 1353 1913 455

225 1982 270 2001 4³³
294 1982 424 2014 omitted
441 1983 487 2014 M.
657 1980 703 2000 ⁴³⁵
729 1983 863 2013 umbras
879 1982 917 2012 R.
1057 1978 1100 1998 ⁴⁵³
1120 1980 1217 2012 alveo
1231 1980 1261 2011 R

185 2045 256 2083 146
