1430 2335
668 110 858 147 VIRGIL

171 190 235 237 qui
257 186 426 234 dapibus
448 199 603 222 mensas
624 190 794 222 onerent
814 190 857 222 et
877 184 1015 234 pocula
1036 187 1196 232 ponant.

171 253 244 276 nec
265 253 344 275 non
366 244 407 276 et
428 239 535 288 Tyrii
556 252 626 287 per
645 240 781 274 limina
802 238 906 274 laeta
925 237 1156 286 frequentes

170 305 407 337 convenere,
426 295 521 328 toris
541 295 632 327 iussi
652 292 901 328 discumbere
922 293 1049 339 pictis.

171 350 366 383 mirantur
386 347 488 382 dona
511 345 686 390 Aeneae,
706 347 898 381 mirantur
920 343 1047 380 Iulum

172 401 453 449 flagrantisque
475 399 539 435 dei
560 399 687 435 voltus
710 397 972 447 simulataque
992 397 1112 432 verba
1275 396 1349 433 710

173 453 398 502 pallamque
419 459 460 488 et
480 455 630 501 pictum
652 465 791 487 croceo
811 451 989 487 velamen
1011 449 1190 486 acantho.

175 509 386 556 praecipue
406 505 559 550 infelix,
580 508 681 554 pesti
703 505 845 541 devota
866 504 1036 548 futurae,

176 559 327 608 expleri
348 564 526 595 mentem
547 561 685 608 nequit
704 559 953 607 ardescitque
973 557 1125 593 tuendo

179 613 406 657 Phoenissa,
427 618 467 648 et
488 615 635 660 pariter
656 625 777 660 puero
798 611 990 660 donisque
1012 616 1206 647 movetur.

176 667 244 703 ille
264 666 331 702 ubi
351 665 559 714 complexu
580 665 743 701 Aeneae
763 665 942 714 colloque
963 663 1157 712 pependit
1278 663 1352 700 715

179 726 220 757 et
241 733 429 768 magnum
448 718 535 755 falsi
554 718 735 767 implevit
753 720 944 767 genitoris
963 730 1148 763 amorem,

178 776 357 822 reginam
378 775 492 822 petit.
550 772 647 808 haec
667 771 803 817 oculis,
823 771 921 808 haec
940 776 1101 819 pectore
1120 775 1206 806 toto

180 827 319 863 haeret
339 831 381 862 et
403 826 606 862 interdum
626 827 778 874 gremio
798 824 918 870 fovet,
939 827 1059 860 inscia
1080 823 1197 868 Dido,

180 880 327 916 insidat
346 885 516 928 quantus
537 882 702 915 miserae
722 878 830 915 deus.
887 883 930 914 at
949 890 1099 914 memor
1117 877 1183 913 ille

181 936 317 970 matris
336 932 540 968 Acidaliae
561 932 751 981 paulatim
770 931 929 968 abolere
950 931 1173 980 Sychaeum
1283 932 1357 968 720

182 989 322 1035 incipit
342 991 383 1022 et
403 988 490 1022 vivo
509 991 684 1034 temptat
699 991 955 1035 praevertere
978 996 1112 1021 amore

183 1044 258 1076 iam
279 1039 433 1088 pridem
453 1039 601 1076 resides
621 1042 771 1075 animos
790 1039 1034 1088 desuetaque
1055 1038 1182 1074 corda.

240 1093 452 1141 Postquam
500 1096 625 1142 prima
671 1095 784 1141 quies
834 1091 960 1140 epulis
1008 1104 1247 1141 mensaeque
1300 1103 1360 1126 re-

288 1151 434 1191 motae,
1281 1156 1360 1180 MPR

184 1204 354 1235 crateras
373 1212 538 1248 magnos
558 1204 741 1236 statuunt
761 1203 802 1235 et
821 1201 909 1234 vina
930 1203 1130 1234 coronant.

184 1252 228 1289 fit
248 1255 438 1301 strepitus
454 1255 570 1288 tectis
587 1265 802 1301 vocemque
819 1264 888 1300 per
903 1252 1032 1300 ampla
1047 1252 1228 1288 volut-{nt
1286 1252 1359 1289 725

185 1308 283 1342 atria
302 1318 310 1349 3
339 1305 572 1355 dependent
593 1305 726 1354 lychni
747 1306 991 1354 laquearibus
1011 1307 1138 1342 aureis

185 1361 337 1396 incensi
356 1365 397 1396 et
417 1364 575 1395 noctem
595 1359 759 1394 flammis
778 1358 926 1394 funalia
944 1361 1120 1395 vincunt.

185 1412 250 1448 hic
269 1416 407 1461 regina
426 1425 587 1461 gravem
607 1415 774 1461 gemmis
794 1424 967 1461 auroque
986 1415 1165 1460 poposcit

186 1466 447 1515 implevitque
467 1479 575 1502 mero
594 1471 785 1515 pateram,
805 1478 922 1514 quam
942 1465 1060 1501 Belus
1080 1471 1121 1502 et
1140 1479 1278 1504 omnes

187 1533 209 1555 a
232 1519 326 1556 Belo
345 1519 448 1555 soliti
465 1532 474 1563 ;
504 1524 589 1555 tum
610 1519 714 1555 facta
733 1519 891 1555 silentia
910 1521 1038 1555 tectis.
1288 1522 1363 1558 730

187 1576 212 1593 “
229 1573 422 1621 Iuppiter,
442 1573 664 1621 hospitibus
684 1586 774 1608 nam
794 1577 835 1608 te
855 1571 949 1608 dare
968 1574 1052 1608 iura
1072 1572 1302 1622 loquuntur,

187 1626 294 1662 hunc
314 1626 463 1662 laetum
483 1625 688 1675 Tyriisque
708 1625 815 1662 diem
834 1625 1027 1674 Troiaque
1047 1626 1234 1674 profectis

191 1692 276 1716 esse
298 1679 409 1724 velis,
429 1685 664 1728 nostrosque
684 1679 800 1714 huius
819 1681 1045 1715 meminisse
1066 1682 1250 1716 minores.

187 1732 292 1768 adsit
309 1732 485 1769 laetitiae
508 1732 683 1768 Bacchus
703 1732 818 1768 dator
837 1737 879 1768 et
898 1732 1000 1768 bona
1021 1732 1120 1768 Iuno
1137 1746 1145 1776 ;

190 1790 231 1822 et
251 1799 329 1831 VOS,
349 1799 385 1831 o,
406 1791 578 1831 coetum,
596 1785 716 1835 Tyrii,
738 1785 937 1822 celebrate
958 1784 1176 1823 fave11tes.”
1291 1787 1364 1824 735

404 1879 451 1900 ⁷⁰⁶
475 1883 618 1912 onerant
637 1905 644 1912 .
665 1905 671 1911 .
692 1904 699 1912 .
720 1883 852 1920 ponunt
871 1880 937 1913 GR.

400 1924 444 1943 ⁷1⁹
469 1925 616 1955 insideat
635 1924 692 1955 GR
705 1936 714 1954 .·
737 1924 807 1954 boch
824 1923 939 1954 known
955 1928 984 1955 to
1002 1924 1143 1956 Servius.

402 1966 447 1986 7²⁵
472 1967 535 2006 fit]
560 1968 587 1998 it
604 1967 642 1998 b:
670 1967 741 1999 both
757 1967 871 1998 known
886 1971 916 1998 to
933 1967 1089 2000 Servius:
1120 1969 1153 2000 id
1170 1968 1219 2008 γι.

191 2038 267 2076 290
