1430 2335
692 101 885 138 VIRGIL

197 178 369 215 crudelis
388 190 473 214 aras
493 179 737 226 traiectaque
757 182 919 226 pectora
938 176 1041 212 fei-ro
1300 180 1374 213 355

197 239 376 284 nudavit,
395 251 635 288 caecumque
655 239 795 274 domus
815 238 942 275 scelus
961 251 1079 275 omne
1099 241 1257 274 retexit.

195 306 284 338 tum
305 300 478 337 celerare
497 300 632 349 fugam
654 302 859 349 patriaque
879 299 1073 336 excedere
1093 300 1234 336 suadet

195 363 466 412 auxiliumque
488 365 572 397 viae
594 363 738 397 veteris
757 362 903 397 tellure
923 361 1094 397 recludit

195 423 412 466 thesauros,
432 427 613 473 ignotum
632 426 788 472 argenti
809 422 963 471 pondus
983 428 1024 458 et
1043 425 1138 460 auri.

196 485 257 522 his
276 490 474 522 commota
492 485 628 533 fugam
650 484 754 520 Dido
774 486 977 533 sociosque
998 485 1171 533 parabat.
1301 482 1375 521 360

196 550 451 592 conveniunt,
473 547 614 596 quibus
633 550 703 582 aut
722 545 857 582 odium
878 545 1039 582 crudele
1060 549 1216 595 tyranni

195 614 265 645 aut
284 614 416 645 metus
435 621 524 644 acer
545 613 629 644 erat
647 620 656 651 3
683 610 805 651 navis,
827 619 926 656 quae
947 606 1050 643 forte
1071 613 1244 655 paratae,

196 672 413 719 corripiunt
432 675 679 719 onerantque
699 682 792 704 auro
808 681 816 712 ς
836 673 1045 717 portantur
1064 671 1168 704 avari

198 731 464 782 Pygmalionis
483 744 578 780 opes
597 731 763 780 pelago;
793 730 873 766 dux
893 729 1041 766 femina
1060 730 1165 766 facti.

197 793 396 830 devenere
416 793 531 839 locos,
553 793 620 829 ubi
640 805 745 828 nunc
766 794 947 840 ingentia
966 793 1095 827 cernis
1301 791 1374 829 365

196 858 352 892 moenia
371 859 685 904 surgentemque
705 866 832 889 novae
856 852 1113 901 Karthaginis
1132 866 1281 899 arcem,

194 920 439 966 mercatique
460 916 598 958 solum,
620 916 714 952 facti
736 915 786 952 de
807 918 968 951 nomine
988 914 1165 964 Byrsam,

197 984 352 1017 taurino
372 986 566 1030 quantum
585 985 750 1029 possent
772 980 1017 1016 circumdare
1036 984 1162 1028 tergo.

195 1043 264 1079 sed
287 1056 354 1079 vos
374 1046 441 1092 qui
462 1042 655 1079 tandem?
684 1042 825 1091 quibus
846 1046 915 1077 aut
936 1043 1099 1077 venistis
1118 1041 1168 1076 ab
1188 1042 1294 1078 oris?

195 1117 322 1154 quove
342 1107 491 1141 tenetis
511 1104 617 1140 iter?
634 1102 655 1115 ’'
713 1105 923 1152 quaerenti
946 1102 1088 1138 talibus
1106 1102 1175 1138 ille
1302 1106 1378 1141 370

195 1168 391 1215 suspirans
410 1169 569 1215 imoque
590 1164 752 1201 trahens
772 1178 793 1200 a
814 1169 977 1212 pectore
998 1176 1159 1200 vocem:

250 1233 274 1248 “
289 1226 325 1264 Ο
347 1227 435 1273 dea,
455 1230 486 1264 si
507 1229 633 1276 prima
653 1232 840 1275 repetens
859 1226 908 1261 ab
929 1228 1081 1274 origine
1103 1238 1280 1274 pergam,

195 1294 237 1325 et
258 1294 372 1325 vacet
389 1289 543 1325 annalis
562 1293 784 1324 nostrorum
806 1288 942 1323 audire
964 1287 1156 1333 laborum,

194 1356 289 1388 ante
309 1351 416 1387 diem
438 1351 568 1387 clauso
588 1354 801 1398 componet
819 1349 972 1398 Vesper
991 1349 1176 1398 OlympO.

196 1426 265 1449 nos
285 1412 401 1448 Troia
420 1414 596 1461 antiqua,
616 1414 647 1447 si
668 1415 819 1447 vestras
841 1411 942 1447 forte
963 1423 1035 1459 per
1053 1414 1156 1448 auris
1298 1414 1373 1451 375

195 1474 335 1510 Troiae
355 1486 499 1509 nomen
520 1476 579 1518 iit,
600 1473 754 1508 diversa
776 1484 846 1521 per
864 1484 1034 1522 aequora
1053 1477 1189 1510 vectos

195 1535 298 1572 sorte
317 1549 386 1572 sua
406 1534 563 1585 Libycis
584 1539 804 1583 tempestas
823 1534 980 1582 appulit
999 1536 1085 1570 oris.

195 1610 281 1634 sum
300 1600 387 1646 pius
408 1597 580 1642 Aeneas,
600 1601 734 1644 raptos
754 1598 820 1645 qui
842 1608 890 1631 ex
911 1595 1026 1632 hoste
1047 1594 1209 1634 Penatis

194 1659 318 1695 classe
338 1658 438 1694 veho
460 1671 628 1700 mecum,
650 1657 754 1693 fama
774 1669 894 1706 super
911 1656 1076 1694 aethera
1094 1663 1224 1695 notus.

196 1720 350 1757 Italiam
371 1732 517 1769 quaero
538 1722 706 1768 patriam
727 1723 770 1755 et
789 1731 916 1767 genus
935 1719 984 1754 ab
1006 1718 1099 1755 Iove
1119 1733 1283 1756 summo.
1298 1723 1373 1755 380

194 1781 254 1818 bis
273 1781 387 1818 denis
412 1781 625 1831 Phrygium
646 1780 860 1817 conscendi
881 1780 1046 1817 navibus
1062 1793 1221 1830 aequor,
1267 1793 1375 1818 GMPR

280 1885 325 1904 ³¹³⁵
349 1895 468 1917 cernes
486 1886 548 1916 PR
561 1900 570 1917 .·
594 1886 703 1916 cernis
719 1885 766 1916 M.

280 1928 326 1946 ³⁶⁹
352 1932 411 1959 aut
427 1929 568 1959 venistis
587 1927 692 1959 M2P:
714 1928 927 1959 audvenistis
944 1925 997 1958 Μ1
1016 1939 1023 1960 :
1047 1928 1235 1960 advenistis
1251 1928 1289 1959 R.

281 1970 329 1989 ³⁷⁴
354 1976 534 2011 componat
552 1971 635 2002 P1R.

195 2040 272 2080 266
