1430 2335
704 83 896 120 VIRGIL

213 174 303 198 vere
324 161 423 197 fabis
443 163 564 204 sati03
592 166 678 197 tum
697 165 739 197 te
759 173 928 210 quoque,
951 160 1120 206 Medica,
1140 164 1276 209 putres
1309 160 1384 198 215

211 218 410 264 accipiunt
428 215 525 251 sulci
545 220 586 250 et
605 214 712 250 milio
731 217 841 251 venit
858 227 989 250 annua
1008 227 1113 259 cura,

212 268 402 304 candidus
421 270 566 304 auratis
586 270 712 316 aperit
733 280 821 304 cum
840 267 1022 303 cornibus
1041 280 1189 304 annum

212 321 362 358 Taurus
383 326 424 357 et
443 321 606 357 adverso
627 321 772 357 cedens
793 321 907 357 Canis
926 320 1071 357 occidit
1091 326 1207 358 astro,

212 380 253 411 at
273 377 303 411 si
322 377 519 411 triticeam
539 377 580 410 in
599 387 767 410 messem
787 375 1024 423 robustaque
1045 374 1145 410 farra

213 429 413 464 exercebis
436 427 597 464 humum
618 427 787 476 solisque
807 428 970 464 instabis
989 430 1130 473 aristis,
1309 428 1386 465 220

212 486 306 518 ante
326 482 398 517 tibi
420 481 524 517 ane
546 481 773 517 Atlantides
793 480 1084 517 abscondantur

214 535 440 584 Gnosiaque
460 534 635 570 ardentis
656 534 827 570 decedat
847 533 962 570 stella
983 534 1172 579 Coronae,

213 587 348 624 debita
369 601 485 637 quam
506 587 622 624 sulcis
642 590 864 624 committas
885 590 1034 623 semina
1054 600 1250 637 quamque

213 644 360 677 invitae
382 654 568 690 properes
588 644 681 676 anni
703 654 813 690 spem
834 640 996 677 credere
1016 645 1156 678 terrae.

212 695 328 731 multi
347 700 439 731 ante
460 708 639 731 occasum
660 694 789 730 Maiae
809 707 998 743 coepere;
1025 694 1094 731 sed
1114 695 1201 731 illos
1311 695 1384 732 225

213 753 441 797 exspectata
459 761 573 797 seges
592 750 700 784 vanis
720 747 837 784 elusit
855 750 993 784 aristis.

213 804 242 837 si
264 815 354 838 vero
375 804 591 851 viciamque
612 814 718 838 seres
738 801 936 850 vilemque
955 801 1174 850 phaselum,

212 867 285 891 nec
309 855 531 891 Pelusiacae
553 868 684 890 curam
705 856 966 903 aspernabere
987 854 1118 899 lentis,

212 908 316 944 haud
337 909 499 944 obscura
519 908 663 945 cadens
684 911 819 944 mittet
838 909 910 944 tibi
931 911 1041 957 signa
1062 908 1228 951 Bootes;

213 964 343 1010 incipe
364 967 405 998 et
425 962 474 998 ad
494 962 642 998 medias
663 967 883 998 sementem
905 961 1076 998 extende
1098 965 1266 1010 pruinas.
1313 964 1386 1000 230

269 1015 419 1051 Idcirco
439 1018 556 1051 certis
575 1015 798 1051 dimensum
818 1015 993 1063 partibus
1015 1015 1149 1051 orbem

212 1081 283 1117 per
303 1068 486 1105 duodena
507 1072 609 1117 regit
629 1069 767 1104 mundi
786 1068 839 1104 sol
862 1081 1002 1105 aureus
1021 1074 1135 1105 astra.

213 1124 388 1171 quinque
410 1127 553 1158 tenent
574 1122 726 1158 caelum
747 1135 891 1158 zonae:
921 1135 1085 1171 quarum
1106 1136 1182 1158 una
1202 1136 1360 1159 corusco

213 1188 368 1224 semper
388 1174 468 1211 sole
488 1176 633 1211 rubens
654 1180 695 1211 et
714 1175 861 1212 torrida
880 1188 1036 1224 semper
1055 1176 1103 1212 ab
1123 1178 1228 1224 igni3

213 1242 328 1278 quan]
349 1231 495 1264 circum
516 1234 716 1265 extremae
738 1228 877 1265 dextra
896 1228 1084 1278 laevaque
1104 1229 1317 1266 trahuntur

213 1281 429 1326 caeruleae,
449 1282 576 1330 glacie
597 1287 805 1318 concretae
826 1287 945 1331 atque
965 1283 1154 1319 imbribus
1174 1286 1291 1327 atris3
1312 1284 1386 1320 236

214 1334 282 1371 has
302 1338 407 1371 inter
426 1335 675 1384 mediamque
696 1335 796 1371 duae
816 1335 1045 1371 mortalibus
1065 1339 1192 1385 aegris

212 1401 376 1424 munere
399 1401 607 1425 concessae
628 1388 773 1434 divom,
793 1393 835 1425 et
855 1392 915 1424 via
935 1394 1041 1425 secta
1062 1402 1132 1438 per
1151 1390 1297 1436 ambas,

212 1442 392 1490 obliquus
412 1455 487 1490 qua
508 1455 548 1478 se
569 1445 769 1490 signorum
790 1447 965 1479 verteret
985 1442 1090 1479 ordo.

212 1495 382 1531 mundus
403 1501 445 1531 ut
466 1495 515 1531 ad
536 1495 737 1544 Scythiam
763 1495 1033 1545 Riphaeasque
1054 1496 1196 1533 arduus
1215 1509 1322 1533 arces

213 1551 428 1597 consurgit,
448 1551 640 1597 premitur
662 1548 809 1598 Libyae
830 1549 1002 1585 devexus
1023 1552 1062 1584 in
1084 1550 1259 1586 Austros.
1310 1551 1383 1588 241

212 1601 275 1637 hic
295 1607 432 1638 vertex
453 1602 564 1638 nobis
585 1615 740 1651 semper
759 1602 958 1645 sublimis3
987 1607 1027 1638 at
1047 1602 1156 1639 illum

256 1663 299 1681 ²¹³
321 1662 464 1693 adverso
482 1663 523 1693 JI
537 1676 546 1694 .·
571 1673 691 1694 averso
707 1666 785 1694 ⁴most
802 1662 908 1693 MSS.
964 1664 1043 1695 Both
1062 1664 1179 1695 known
1195 1668 1224 1695 lo
1240 1664 1384 1696 Scrrz'us.

256 1706 298 1723 ²²⁵
322 1706 439 1736 avenis
455 1706 495 1737 P.
883 1705 927 1724 ²²⁹
950 1706 1061 1737 mittit
1079 1706 1164 1738 AM.

257 1775 267 1793 ¹
291 1778 422 1806 acl-serso
452 1780 548 1813 astro,
581 1777 646 1807 viz.
682 1777 802 1807 Tam-o.
850 1776 922 1807 The
949 1787 1012 1807 sun
1039 1782 1154 1808 enters
1184 1777 1317 1808 Taurus
1343 1788 1385 1809 on

212 1818 313 1859 April
323 1819 358 1851 17
370 1820 406 1856 (⁵²
418 1819 536 1849 monti]
546 1818 580 1849 of
591 1819 773 1860 opening‚''
784 1821 865 1859 quia
877 1829 928 1850 rer
937 1821 1043 1859 aperit
1053 1824 1130 1851 lunc
1140 1822 1271 1851 omnia:
1283 1820 1380 1859 Ovid,

211 1862 313 1897 Fasti,
334 1870 383 1892 lv.
399 1863 462 1900 87).
509 1862 618 1893 Sirius
636 1862 708 1899 (the
722 1863 823 1893 Canis
835 1862 870 1893 of
884 1862 906 1893 l.
920 1863 995 1902 218)
1007 1873 1151 1904 appears
1164 1868 1200 1893 to
1213 1867 1264 1894 set
1277 1868 1313 1894 at
1328 1863 1386 1894 the

212 1904 278 1935 end
294 1904 329 1935 of
346 1904 455 1945 April,
472 1904 571 1935 when
582 1905 610 1935 it
623 1904 736 1935 draws
748 1915 868 1936 nearer
878 1909 914 1936 to
927 1905 987 1936 the
998 1915 1072 1936 sun.
1119 1905 1228 1936 There
1242 1907 1270 1937 is
1282 1905 1354 1937 also
1366 1917 1386 1936 a

212 1946 383 1978 reference
397 1946 476 1977 here
487 1952 524 1978 to
534 1947 593 1978 the
605 1947 812 1979 milk-white
823 1958 910 1979 oxeu
923 1948 1005 1979 with
1016 1947 1132 1989 gilded
1144 1948 1257 1987 horus,
1273 1948 1385 1980 which

212 1989 343 2031 figured
359 1990 395 2021 in
411 1989 543 2021 Roma-n
559 1990 744 2031 triumphs.

213 2050 259 2086 96
