1430 2335
682 97 874 135 VIRGIL

188 186 229 217 et
249 182 336 229 quis
356 181 418 215 cui
440 177 554 214 color.
612 182 654 213 at
673 176 909 213 sceleratum
929 178 1136 226 exquirere
1155 175 1277 224 frigus

188 239 345 276 difficile
367 243 450 275 est:
480 240 615 286 piceae
633 241 791 273 tantum
809 238 971 285 taxique
990 240 1181 271 nocentes

187 298 391 335 interdum
411 302 482 333 aut
500 296 673 333 hederae
692 295 876 345 pandunt
895 297 1063 344 vestigia
1082 297 1233 343 nigrae.

244 358 320 393 His
341 356 623 392 animadversis
643 360 789 391 terram
807 354 934 391 multo
953 359 1048 390 ante
1067 358 1271 390 memento

188 428 407 465 excoquere
427 421 470 452 et
489 428 653 464 magnos
672 414 873 450 scrobibus
888 413 1097 450 concidere
1112 415 1269 458 montis,
1290 412 1366 450 260

187 481 281 512 ante
302 478 503 524 supinatas
524 474 713 523 Aquiloni
733 473 945 510 ostendere
966 473 1137 522 glaebas,

187 548 304 584 quam
324 534 474 570 laetum
494 533 662 569 infodias
682 535 772 569 vitis
793 545 929 581 genus.
988 535 1138 581 optima
1156 534 1263 580 putri

187 606 278 629 arva
297 592 401 629 solo:
431 592 601 643 idqventi
623 596 764 627 curant
783 591 1021 640 gelidaeque
1042 593 1206 639 pruinae

189 658 230 689 et
248 652 447 688 labefacta
466 663 628 687 movens
648 652 832 687 robustus
851 653 987 699 iugera
1009 650 1141 686 fossor.

187 717 229 748 at
248 715 279 748 si
300 724 397 761 quos
417 711 522 747 haud
543 711 621 747 ulla
642 713 743 746 viros
763 710 969 758 vigilantia
988 709 1106 758 fugit,
1293 708 1366 747 265

188 776 281 808 ante
303 772 431 807 locum
452 771 621 807 similem
643 772 870 819 exquirunt,
891 770 956 805 ubi
977 772 1103 818 prima
1122 773 1283 817 paretur

188 831 390 867 arboribus
412 842 526 878 seges
547 834 589 866 et
608 842 686 878 quo
705 842 795 865 mox
816 829 972 877 digesta
992 828 1154 873 feratur,

188 895 381 927 mutatam
402 892 590 938 ignorent
610 890 741 925 subito
762 901 813 924 ne
835 891 985 924 semina
1003 893 1182 924 matrem.

189 953 284 999 quin
305 952 425 986 etiam
447 949 545 985 caeli
566 951 772 996 regionem
793 951 834 983 in
855 950 1002 984 cortice
1023 950 1195 996 signant,

190 1014 234 1045 ut
253 1021 330 1057 quo
351 1021 532 1057 quaeque
553 1007 670 1043 modo
690 1010 863 1052 steterit,
883 1020 959 1056 qua
980 1012 1093 1056 parte
1113 1006 1261 1043 calores
1294 1005 1370 1043 270

189 1070 384 1104 austrinos
403 1067 558 1112 tulerit,
578 1080 679 1116 quae
698 1072 813 1115 terga
832 1067 1052 1103 obverterit
1070 1068 1147 1111 axi,

190 1130 426 1165 restituant:
456 1127 556 1163 adeo
577 1129 617 1162 in
638 1129 788 1163 teneris
809 1138 1066 1162 consuescere
1086 1125 1255 1162 multum
1276 1129 1347 1162 est.

190 1186 354 1223 collibus
374 1199 425 1221 an
446 1186 564 1235 plano
584 1185 726 1221 melius
747 1188 798 1222 sit
817 1197 965 1234 ponere
985 1187 1120 1230 vitem,

190 1258 334 1295 quaere
351 1248 469 1295 prius.
511 1248 541 1282 si
563 1247 722 1294 pinguis
742 1257 856 1293 agros
872 1245 1076 1281 metabere
1093 1246 1234 1293 campi,
1267 1256 1371 1280 MPRv

191 1306 313 1342 densa
332 1317 442 1348 sere3
472 1308 512 1340 in
533 1305 659 1341 denso
679 1317 758 1340 non
780 1307 938 1351 segnior
957 1304 1080 1340 ubere
1104 1302 1301 1340 Bacchus:

191 1368 250 1401 sin
271 1365 434 1401 tumulis
455 1364 608 1400 adclive
628 1364 754 1400 solum
776 1363 965 1412 collisque
987 1365 1159 1412 supinos,
1297 1363 1371 1400 276

191 1424 355 1473 indulge
377 1423 604 1469 ordinibus:
634 1435 708 1459 nec
729 1425 852 1459 setius
872 1424 998 1458 omnis
1018 1424 1058 1457 in
1079 1434 1254 1471 unguem

191 1484 393 1519 arboribus
414 1485 550 1531 positis
573 1487 681 1518 secto
702 1484 762 1518 via
781 1481 908 1518 limite
929 1481 1107 1531 quadret.

191 1549 236 1579 ut
256 1555 374 1591 saepe
395 1545 552 1590 ingenti
576 1542 681 1578 bello
702 1555 791 1577 cum
811 1541 930 1590 longa
950 1541 1122 1578 cohortis

193 1602 383 1651 explicuit
402 1601 509 1650 legio
530 1606 572 1638 et
591 1613 731 1650 campo
750 1603 866 1637 stetit
884 1613 1026 1649 agmen
1047 1604 1197 1649 aperto,
1297 1600 1372 1637 280

192 1662 458 1710 derectaeque
479 1663 597 1705 acies,
616 1673 661 1696 ac
681 1660 761 1696 late
782 1659 945 1695 fluctuat
965 1662 1090 1696 omnis

192 1734 283 1757 aere
303 1720 505 1756 renidenti
527 1719 660 1765 tellus,
680 1719 851 1755 necdum
870 1718 1027 1755 horrida
1047 1722 1215 1755 miscent

194 1780 356 1830 proelia,
376 1779 445 1815 sed
465 1779 609 1815 dubius
628 1778 769 1814 mediis
791 1778 897 1814 Mars
917 1783 1022 1814 errat
1041 1780 1080 1813 in
1101 1780 1239 1814 armis:

194 1836 324 1876 omnia
344 1841 425 1874 sint
445 1839 602 1887 paribus
623 1840 797 1874 numeris
818 1837 996 1873 dimensa
1017 1839 1187 1880 viarum3

237 1923 281 1942 2⁵⁶
304 1923 381 1964 quis
398 1922 519 1963 cuique
536 1921 592 1953 M¹
607 1933 617 1953 .·
635 1922 789 1963 quisquis
807 1921 917 1953 M2P:
933 1921 1009 1962 quis
1026 1921 1080 1952 cui
1097 1922 1169 1952 cive
1187 1921 1278 1952 color
1296 1920 1333 1954 R.

237 1966 281 1985 2⁶⁵
304 1970 342 1997 at
359 1966 411 1996 P:
435 1965 478 1996 ad
496 1965 547 1995 R:
570 1976 608 1995 ac
629 1965 675 1996 M.
939 1964 982 1983 ²⁶⁷
1007 1964 1163 1995 ferantur
1181 1964 1232 1994 ΡΙ.

239 2009 282 2027 2⁷4
306 2018 443 2050 campos
459 2008 511 2039 P:
534 2009 607 2049 agri
632 2032 638 2039 .
668 2031 676 2040 .
704 2032 711 2039 .
737 2018 875 2049 campos
890 2020 921 2047 γ.

198 2070 268 2107 134
