1430 2335
682 91 874 128 VIRGIL

191 179 234 209 et
253 173 379 221 Capys
399 176 441 208 et
461 171 645 206 Numitor
664 175 718 215 et,
738 173 805 219 qui
824 175 865 206 te
884 171 1045 205 nomine
1065 169 1221 216 reddet,

192 226 333 262 Silvius
355 225 525 269 Aeneas,
545 226 693 272 pariter
712 226 864 272 pietate
884 223 946 259 vel
966 225 1083 259 armis

192 282 387 328 egregius,
401 281 432 314 si
445 290 631 326 umquam
645 276 889 325 regnandam
901 279 1100 325 acceperit
1113 275 1266 313 Albam.
1288 278 1363 316 770

191 335 256 382 qui
278 332 462 369 iuvenes!
519 335 686 380 quantas
705 335 924 375 ostentant,
941 333 1086 378 aspice,
1103 332 1205 375 viris,

190 392 310 435 atque
330 386 510 422 umbrata
530 389 676 433 gerunt
695 383 799 419 civili
818 388 997 431 tempora
1017 384 1186 432 quercu!

190 439 231 475 hi
250 441 323 476 tibi
345 440 591 475 Nomentum
610 443 652 474 et
672 437 818 473 Gabios
837 437 1055 485 urbemque
1079 436 1279 483 Fidenam,

189 493 231 529 hi
252 493 465 529 Collatinas
483 494 692 540 imponent
711 491 911 526 montibus
932 503 1052 535 arceS,

192 547 389 583 Pometios
409 546 669 594 Castrumque
691 544 779 580 Inui
802 543 1015 593 Bolamque
1031 543 1259 593 Coramque.
1290 545 1363 582 775

190 600 288 637 haec
307 606 391 637 tum
406 602 567 635 nomina
579 603 710 643 erunt,
726 610 833 634 nunc
846 603 939 634 sunt
952 600 1035 633 sine
1048 600 1209 634 nomine
1221 603 1360 635 terrae.

244 659 268 675 “
285 654 391 699 Quin
412 658 454 690 et
467 665 544 697 avo
564 655 750 689 comitem
771 664 856 688 sese
878 651 1093 687 Mavortius
1112 651 1236 688 addet

193 707 392 752 Romulus,
414 707 591 743 Assaraci
612 718 730 755 quem
751 707 952 753 sanguinis
975 704 1046 740 Ilia
1065 710 1193 741 mater

138 790 149 798 ὴ
190 761 345 801 educet.
404 760 534 805 viden,
556 764 601 796 ut
620 762 802 807 geminae
823 763 930 795 stant
950 761 1097 795 vertice
1118 761 1258 795 cristae
1303 749 1342 788 Α

189 820 232 852 et
250 820 365 864 pater
384 817 468 864 ipse
488 826 558 849 suo
577 825 763 862 superum
783 814 859 848 iam
878 814 1010 860 signat
1030 811 1178 848 honore
1195 813 1209 848 ?
1287 812 1362 850 780

189 882 240 905 en
262 868 390 913 huius,
410 872 517 911 nate,
536 868 718 915 auspiciis
736 865 804 901 illa
823 865 973 902 incluta
995 865 1116 901 Roma

189 925 397 971 imperium
418 923 545 964 terris,
565 923 714 956 animos
734 919 920 968 aequabit
941 918 1126 967 Olympo,

189 982 424 1024 septemque
444 987 522 1011 una
541 974 614 1011 sibi
634 985 746 1010 muro
765 972 1026 1013 circumdabit
1044 985 1165 1017 arces,

189 1029 283 1066 felix
305 1029 414 1078 prole
434 1031 559 1064 virum
578 1041 585 1063 z
616 1026 741 1076 qualis
762 1026 998 1075 Berecyntia
1016 1031 1144 1062 mater

189 1083 390 1119 invehitur
410 1094 526 1118 curru
549 1080 738 1130 Phrygias
757 1082 898 1116 turrita
918 1092 989 1128 per
1008 1080 1137 1124 urbes,
1289 1079 1363 1117 785

188 1137 294 1173 laeta
313 1136 433 1173 deum
453 1140 581 1184 partu,
601 1139 761 1171 centum
784 1132 990 1182 complexa
1008 1137 1190 1181 nepotes,

188 1193 315 1226 omnis
335 1188 553 1232 caelicolas,
573 1190 700 1224 omnis
719 1200 860 1235 supera
879 1186 960 1223 alta
977 1189 1167 1223 tenentis.

188 1243 266 1279 huc
286 1245 464 1293 geminas
484 1255 590 1278 nunc
611 1241 726 1277 flecte
746 1243 862 1285 acies,
883 1240 983 1276 hanc
1003 1242 1133 1288 aspice
1153 1244 1318 1288 gentem

190 1297 464 1346 Romanosque
483 1301 582 1332 tuos.
640 1294 704 1330 hic
725 1294 865 1330 Caesar
885 1299 927 1330 et
946 1296 1071 1329 omnis
1093 1293 1167 1329 Iuli

188 1353 411 1399 progenies,
431 1362 619 1398 magnum
639 1347 738 1384 caeli
759 1352 925 1384 ventura
945 1347 1018 1383 sub
1037 1359 1165 1384 axem.
1287 1347 1362 1386 790

188 1404 251 1440 hic
272 1407 340 1449 vir,
361 1403 425 1439 hic
446 1408 520 1447 est,
540 1403 612 1439 tibi
633 1414 752 1451 quem
772 1403 949 1449 promitti
970 1403 1155 1449 saepius
1144 1400 1270 1447 audis,

188 1458 393 1506 Augustus
414 1457 567 1501 Caesar,
588 1455 678 1492 Divi
699 1467 837 1504 genus.
857 1467 975 1502 aurea
995 1453 1178 1490 condet

187 1511 343 1548 saecula
363 1513 429 1560 qui
450 1523 581 1546 rursus
602 1509 716 1545 Latio
737 1497 900 1558 regnata
920 1520 990 1557 per
1008 1520 1100 1543 arva

444 1587 472 1606 ⁷⁷
476 1588 488 1606 θ
512 1588 674 1627 terraeLD
656 1590 774 1617 erentes
791 1585 859 1617 11¹.

445 1631 488 1649 ⁷⁸⁷
513 1640 615 1671 supel
631 1630 704 1661 alta
720 1629 1047 1669 M1PR-superata
1063 1626 1110 1668 γι.

444 1673 489 1692 799
514 1684 574 1704 arv
578 1673 612 1713 a]
628 1683 734 1703 annos
750 1672 789 1703 R.

232 1775 243 1793 1
269 1774 322 1804 He
339 1774 368 1804 is
384 1772 459 1804 said
476 1776 512 1804 to
529 1772 616 1803 have
631 1770 716 1802 been
733 1770 819 1812 kept
835 1773 897 1802 out
912 1769 948 1801 of
970 1769 1024 1801 his
1041 1768 1205 1810 kingdom
1221 1768 1275 1800 for
1290 1768 1363 1800 half

187 1829 207 1849 a
224 1821 498 1901 {elipsslg{·arland
523 1857 558 1889 of
581 1858 640 1889 the
660 1859 682 1874 “
697 1857 784 1888 civic
808 1856 873 1887 oak
887 1856 903 1868 ”
920 1866 990 1887 was
1012 1856 1115 1897 given
1138 1857 1175 1886 to
1198 1865 1262 1886 one
1285 1854 1362 1886 who

187 1914 246 1934 sav
251 1902 293 1934 ed
309 1902 369 1933 the
386 1902 446 1932 life
461 1901 497 1932 of
512 1912 533 1932 a
548 1902 673 1932 citizen
690 1901 726 1931 in
742 1899 864 1931 battle.

230 1946 243 1964 ³
267 1945 450 1985 Referring
465 1948 502 1976 to
518 1945 579 1976 the
595 1943 732 1975 double·
737 1941 876 2004 plumed
893 1942 1022 1973 helmet
1039 1951 1132 1972 worn
1148 1940 1194 1982 by
1211 1940 1315 1971 Mars.

230 1989 242 2008 ⁴
267 1990 289 2021 i.
296 1999 321 2020 e.
338 1988 391 2019 for
407 1987 516 2019 earth.
822 1984 899 2025 ⁵qf.
918 1987 1010 2017 Geor.
1027 1993 1065 2016 11.
1087 1985 1159 2016 535.

187 2049 260 2087 560
