1430 2335
654 105 846 143 VIRGIL

164 178 375 215 deseruere
395 192 532 216 omnes
552 179 697 217 defessi
719 185 760 217 et
780 194 941 230 corpora
961 181 1062 219 saltu
1268 180 1340 219 565

164 240 214 275 ad
235 245 380 276 terram
400 243 542 277 misere
561 246 630 277 aut
650 242 807 290 ignibus
826 255 945 292 aegra
963 242 1123 280 dedere.

19 302 147 368 Efrfirlffi
217 307 241 323 “
257 301 418 351 Iamque
435 303 535 339 adeo
557 316 673 352 super
688 317 788 340 unus
809 317 929 349 eram,
945 317 1035 341 cum
1047 305 1183 341 limina
1197 305 1341 342 Vestae

24 379 148 409 samma>
166 368 388 400 servantem
409 369 450 401 et
468 367 629 400 tacitam
649 370 800 402 secreta
819 367 859 401 in
880 366 974 402 sede
994 366 1187 403 latentem

166 424 393 475 Tyndarida
412 429 579 475 aspici03
608 426 706 463 dant
725 427 828 463 clara
846 428 1030 464 incendia
1049 428 1177 465 lucem

167 490 315 523 erranti
334 490 556 537 passimque
579 487 710 524 oculos
730 501 802 537 per
822 494 964 525 cuncta
985 488 1139 527 ferenti.
1270 491 1346 528 570

165 548 231 584 illa
252 549 324 585 sibi
344 549 510 586 infestos
531 563 665 586 eversa
683 551 734 586 ob
757 550 946 600 Pergama
966 550 1137 588 Teucros

166 615 207 647 et
228 610 409 647 Danaum
430 625 597 660 poenam
621 617 661 648 et
681 612 828 649 deserti
850 615 1026 661 coniugis
1045 615 1120 649 iras

165 678 459 721 praemetuens,
478 672 618 710 Troiae
640 678 681 710 et
701 676 850 723 patriae
872 677 1089 710 communis
1110 674 1267 725 Erinys,

165 734 374 771 abdiderat
394 748 478 771 sese
499 739 619 785 atque
639 737 715 772 aris
736 737 860 772 invisa
879 735 1056 773 sedebat.

167 809 347 833 exarsere
368 799 481 845 ignes
501 799 655 840 animm
684 797 791 833 subit
809 799 865 833 ira
885 797 1097 834 cadentem
1272 801 1345 837 575

166 857 301 894 ulcisci
322 861 489 907 patriam
510 863 551 895 et
572 858 782 895 sceleratas
802 871 956 895 sumere
976 871 1140 908 poenas,

168 923 179 940 ‘
191 919 342 956 scilieet
362 919 460 957 haec
480 919 662 969 Spartam
682 919 887 956 incolumis
909 923 1132 970 patriasque
1155 921 1344 972 Mycenas

167 984 332 1030 aspiciet
353 987 545 1031 partoque
566 982 640 1018 ibit
661 984 798 1031 regina
817 982 1035 1031 triumpho,

167 1046 473 1093 coniugiumque
494 1043 736 1092 (Ioniumque
757 1048 889 1092 patres
908 1049 1101 1094 natosque
1122 1044 1285 1090 videbit,

168 1103 337 1140 Iliadum
357 1105 471 1141 turba
493 1109 534 1141 et
556 1104 737 1153 Phrygiis
759 1107 946 1141 comitata
966 1107 1181 1142 ministris?
1273 1109 1349 1142 580

166 1165 356 1202 occiderit
375 1164 478 1202 ferro
502 1165 704 1202 Priamus?
759 1166 874 1202 Troia
894 1169 1033 1202 arserit
1054 1168 1164 1215 igni?

168 1227 415 1264 Dardanium
435 1230 582 1264 totiens
601 1228 751 1264 sudarit
771 1230 961 1276 sanguiue
981 1228 1102 1265 litus?

166 1303 244 1325 non
266 1293 332 1327 ita.
389 1302 558 1339 namque
579 1292 653 1325 etsi
674 1289 828 1325 nullum
847 1290 1103 1326 memorabile
1124 1304 1269 1327 nomen

167 1349 339 1385 feminea
359 1351 399 1384 in
419 1361 546 1397 poena
567 1353 627 1385 est
647 1361 721 1385 nec
740 1348 862 1385 habet
884 1351 1044 1385 victoria
1060 1349 1231 1395 laudam,

167 1413 400 1448 exstinxisse
421 1409 531 1446 nefas
551 1415 688 1447 tamen
709 1414 750 1446 et
771 1413 979 1459 sumpsisse
1000 1414 1191 1448 merentis
1274 1416 1347 1448 585

167 1473 357 1508 laudabor
378 1484 537 1522 poenaS,
557 1475 811 1521 animumque
832 1472 1011 1521 explesse
1033 1462 1182 1510 iuvabit

168 1534 318 1570 ultricis
338 1533 517 1570 flammae
539 1539 581 1570 et
602 1536 754 1570 eineres
771 1536 932 1570 satiasse
954 1534 1156 1571 meorum.'

169 1596 260 1632 talia
283 1596 475 1631 iactabam
497 1601 538 1631 et
559 1595 701 1632 furiata
723 1600 860 1631 mente
882 1596 1049 1641 ferebar,

169 1670 256 1694 cum
277 1657 374 1694 mihi
395 1670 449 1703 se,
470 1670 548 1693 non
569 1662 662 1693 ante
683 1657 805 1693 oculis
826 1662 907 1693 tam
927 1657 1044 1702 clara,
1064 1658 1275 1695 videndam
1297 1671 1349 1694 MP

169 1719 315 1756 obtulit
336 1724 376 1756 et
395 1732 490 1768 pura
511 1731 582 1768 per
602 1724 761 1756 noctem
782 1721 822 1754 in
843 1718 931 1756 luce
951 1719 1108 1756 refulsit
1275 1725 1350 1764 590

168 1781 271 1817 alma
291 1794 445 1830 parens,
460 1778 643 1817 ”confessa
663 1781 778 1817 deam
800 1781 1004 1830 qualisque
1025 1781 1150 1818 videri

213 1843 311 1862 ⁵⁶²5ssss
336 1844 526 1875 eliminatcd
550 1843 589 1884 by
620 1844 742 1874 Varius
768 1844 837 1874 ancl
862 1844 972 1874 Tucca
995 1844 1065 1875 ancl
1087 1844 1220 1876 omitted
1247 1845 1279 1875 in
1303 1846 1351 1876 all

170 1888 221 1918 tlte
237 1887 298 1917 best
313 1888 405 1918 MSS.
422 1889 499 1925 (eg.
516 1887 690 1926 Jleabc),
703 1887 756 1917 but
764 1887 936 1926 preserved
950 1887 989 1928 by
1001 1887 1145 1918 Servius.
1178 1889 1350 1928 ‚szfendcd

171 1931 210 1970 by
227 1930 421 1969 Faz'rclouyk
442 1930 475 1959 iu
494 1933 510 1946 ‘⁵
526 1929 684 1961 Classical
702 1929 911 1970 Plziloloygff’
928 1937 952 1961 Ι.
968 1941 1025 1970 pp.
1047 1932 1185 1962 221-30.

213 1972 256 1990 ⁵⁸⁴
281 1983 341 2004 nee
358 1973 459 2003 habet
478 1973 488 2010 ]
506 1973 605 2003 habet
625 1974 705 2003 haee
723 1973 835 2009 MSS„
852 1973 991 2004 Servius.

213 2014 255 2033 ⁵⁸⁷
281 2015 437 2047 flammae
454 2016 465 2054 ]
482 2016 607 2046 famam
631 2014 721 2047 MSS.

174 2062 249 2095 332
