1430 2335
654 86 847 124 VIRGIL

164 165 467 211 accelereinus,'¹
489 168 553 203 ait.
613 170 636 187 “
653 165 868 215 Cyclopum
890 164 1034 201 educta
1054 166 1215 201 caminis
1263 164 1337 202 630

164 229 319 262 moenia
339 228 538 275 conspicio
557 230 678 275 atque
698 224 862 261 adverso
882 224 1031 261 fornice
1050 229 1194 273 portas,

164 284 261 321 haec
282 285 348 321 ubi
369 298 439 321 nos
459 290 672 334 praecepta
692 285 832 320 iubent
853 283 1055 333 deponere
1075 282 1218 320 dona.”

163 344 330 389 dixerat,
352 349 393 381 et
412 347 560 394 pariter
579 347 702 393 gressi
723 357 792 393 per
811 357 932 393 opaca
952 346 1100 379 viarum

164 407 381 454 corripiunt
400 407 571 454 spatium
590 404 766 440 medium
787 403 1013 452 foribusque
1034 404 1310 452 propinquant.

163 469 330 513 occupat
353 464 507 501 Aeneas
527 464 680 501 aditum
700 476 918 513 corpusque
939 465 1093 500 recenti
1266 464 1338 501 635

164 526 314 573 spargit
333 537 433 573 aqua
453 537 685 573 ramumque
706 523 870 560 adverso
890 526 930 559 in
951 522 1087 559 limine
1108 522 1203 571 figit.

219 583 293 619 His
315 583 475 620 demum
497 586 659 629 exactis,
679 582 858 632 perfecto
878 595 1043 619 munere
1063 582 1190 628 divae,

164 642 362 680 devenere
382 643 488 680 locos
508 643 633 680 laetos
654 648 695 680 et
714 656 879 679 amoena
899 645 1048 679 virecta

166 702 473 740 Fortunatorum
497 703 713 739 Nemorum
734 702 928 751 sedesque
950 702 1097 738 beatas.

164 761 308 811 largior
328 762 391 798 hic
412 775 570 812 campos
589 762 730 800 aether
751 768 792 799 et
812 762 963 799 lumine
985 763 1105 798 vestit
1268 761 1342 798 640

164 835 376 870 purpureo,
397 822 601 871 solemque
621 835 751 868 suum,
768 834 838 858 sua
857 821 986 858 sidera
1005 825 1163 858 norunt.

165 893 252 930 pars
272 884 313 916 in
333 884 546 930 gramineis
566 886 756 917 exercent
776 881 953 916 membra
972 880 1191 929 palaestris,

166 940 419 977 contendunt
438 940 532 977 ludo
553 946 594 977 et
614 940 721 977 fulva
741 940 943 976 luctantur
962 940 1131 984 harena3

166 1013 254 1049 pars
274 999 442 1049 pedibus
462 1000 659 1050 plaudunt
678 1000 839 1037 choreas
860 1005 901 1036 et
920 1002 1092 1036 carmina
1111 999 1262 1038 dicunt.

166 1073 240 1096 nec
261 1073 340 1096 non
361 1060 566 1097 Threicius
584 1060 702 1109 longa
724 1073 813 1096 cum
830 1064 939 1096 veste
960 1059 1140 1096 sacerdos
1271 1060 1343 1097 645

167 1120 393 1169 obloquitur
414 1123 587 1157 numeris
608 1125 764 1170 septem
785 1120 1011 1156 discrimina
1031 1132 1180 1166 vocum,

166 1183 322 1229 iamque
345 1179 484 1216 eadem
505 1180 654 1229 digitis,
673 1182 750 1215 iam
771 1182 931 1229 pectine
952 1178 1083 1228 pulsat
1103 1180 1262 1218 eburno.

169 1239 231 1275 hic
250 1252 376 1288 genus
397 1242 605 1289 antiquum
626 1239 781 1284 Teucri,
803 1238 1066 1288 pulcherrima
1086 1239 1229 1288 proles,

168 1302 411 1347 magnanimi
434 1299 587 1344 heroes,
602 1302 685 1335 nati
703 1299 930 1335 melioribus
949 1301 1075 1344 annis,

172 1358 331 1408 Ilusque
352 1359 641 1408 Assaracusque
660 1364 702 1395 et
716 1358 853 1395 Troiae
875 1358 1083 1395 Dardanus
1102 1364 1249 1397 auctor.
1273 1361 1346 1399 650

169 1431 275 1454 arma
296 1418 431 1466 procul
453 1431 666 1467 currusque
687 1421 813 1454 virum
833 1420 997 1454 miratur
1016 1420 1142 1455 inanis
1160 1432 1169 1463 ;

170 1482 278 1513 stant
298 1482 402 1514 terra
422 1477 573 1514 defixae
593 1477 744 1523 hastae,
764 1480 986 1527 passimque
1006 1477 1124 1515 soluti

171 1549 242 1586 per
261 1550 443 1586 campum
464 1543 678 1586 pascuntur
698 1540 788 1587 equi
808 1550 816 1580 ;
845 1550 945 1587 quae
966 1540 1091 1586 gratia
1111 1551 1267 1576 currum

170 1609 446 1646 armorumque
465 1596 541 1634 fuit
561 1599 668 1642 vivis,
688 1610 789 1647 quae
809 1610 900 1633 cura
919 1599 1085 1634 nitentis

171 1669 332 1705 pascere
353 1669 486 1705 equos,
507 1656 645 1693 eadem
665 1659 844 1706 sequitur
863 1656 1008 1693 tellure
1028 1662 1217 1706 repostos.
1274 1660 1345 1697 655

173 1719 364 1765 conspicit
385 1729 476 1752 ecce
497 1716 592 1753 alios
612 1716 751 1752 dextra
770 1716 960 1766 laevaque
976 1729 1047 1765 per
1067 1716 1229 1754 herbam

173 1778 369 1812 vescentis
387 1775 616 1825 laetumque
637 1776 755 1812 choro
775 1789 923 1825 paeana
943 1779 1123 1813 canentis

173 1839 278 1872 inter
298 1835 503 1871 odoratum
524 1835 621 1871 lauri
642 1849 795 1880 nemus,
813 1835 919 1872 unde
939 1848 1110 1885 superne

174 1895 363 1944 plurimus
389 1895 550 1931 Eridani
572 1908 642 1944 per
662 1895 797 1932 silvam
819 1895 987 1932 volvitur
1006 1899 1141 1933 amnis.

345 1964 390 1983 ⁶³⁰
413 1964 517 1995 ducta
535 1964 636 1995 FPR.

344 2008 389 2026 ⁶⁴⁰
415 2018 554 2048 campus
571 2007 666 2039 F1R:
691 2009 820 2049 campis
836 2007 892 2039 P1.

345 2050 387 2070 ⁸5¹
412 2051 581 2081 mirantur
598 2050 678 2082 ΡΜ.
941 2051 984 2071 ⁶⁵²
1006 2055 1118 2083 terrae
1135 2051 1173 2084 F.

176 2098 248 2134 550
