1430 2335
696 72 750 108 VI
760 71 889 109 RGIL

207 146 389 196 saepibus
409 148 449 181 in
470 148 612 183 nostris
631 159 789 195 parvam
810 152 850 183 te
871 148 1022 184 roscida
1041 149 1143 185 mala

205 197 303 249 (dux
324 212 398 248 ego
418 204 550 235 vester
569 201 694 250 eram)
713 200 794 236 vidi
816 214 903 237 cum
925 207 1049 238 matre
1070 202 1286 251 legentem.

204 252 306 288 alter
324 254 374 288 ab
394 253 606 289 undecimo
626 259 711 289 tum
730 267 794 289 me
814 257 890 291 iam
912 261 1120 305 acceperat
1139 269 1279 301 annus,

204 307 281 341 iam
303 305 451 354 fragilis
470 311 651 354 poteram
672 308 721 343 ab
742 313 847 343 'terra
867 310 1099 357 contingere
1120 321 1258 346 ramos.
1333 312 1384 345 40

203 363 249 395 ut
268 358 360 403 vidi,
383 364 426 395 ut
446 362 543 408 perii
561 360 568 396 !
599 365 642 396 ut
662 374 725 397 me
746 361 871 397 malus
891 361 1055 398 abstulit
1075 374 1182 398 error
1200 363 1206 398 !

255 447 387 494 incipe
409 445 628 483 Maenalios
648 460 817 492 mecum,
838 460 925 484 mea
946 449 1057 494 tibia,
1077 461 1221 485 versus.

203 569 307 592 nunc
328 559 419 599 scio,
441 557 535 606 quid
559 559 609 593 sit
631 558 764 594 Amor.
823 558 932 594 duris
951 561 992 594 in
1014 559 1168 595 cotibus
1188 560 1298 596 illum

203 614 272 645 aut
291 608 452 645 Tmaros
471 615 539 646 aut
561 610 753 660 Rhodope
773 616 840 647 aut
861 614 1029 648 extremi
1050 612 1313 650 Garamantes

204 675 276 698 nec
295 665 454 712 generis
475 666 597 700 nostri
618 677 787 713 puerum
808 678 882 702 nec
902 668 1103 715 sanguinis
1124 667 1261 704 edunt.
1329 679 1382 703 ΜΡ

250 751 382 799 incipe
404 749 622 786 Maenalios
643 764 815 797 mecum,
834 764 924 788 mea
943 752 1052 798 tibia,
1075 765 1220 790 versus.
1331 751 1381 789 46

201 871 337 896 saevus
357 860 482 897 Amor
500 861 636 898 docuit
656 867 839 898 natorum
860 865 1052 911 sanguiue
1072 868 1239 899 matrem

200 914 484 951 commaculare
505 928 642 951 manus
660 930 667 950 :
698 916 869 952 crudelis
890 921 933 952 tu
954 929 1125 965 quoque,
1145 922 1281 954 mater.

199 966 369 1003 crudelis
388 973 517 1004 mater
536 971 674 1018 magis,
693 982 742 1004 an
764 982 862 1018 puer
882 970 1082 1019 improbus
1103 969 1169 1006 ille
1188 972 1201 1006 ?

199 1021 400 1069 improbus
419 1021 486 1058 ille
508 1035 607 1071 puer
625 1038 631 1058 :
662 1022 832 1059 crudelis
854 1029 896 1060 tu
917 1036 1089 1073 quoque,
1109 1028 1245 1060 mater.
1331 1029 1380 1061 50

249 1113 380 1161 incipe
403 1111 622 1147 Maenalios
643 1124 813 1156 mecum,
834 1123 921 1147 mea
943 1112 1052 1157 tibia,
1072 1124 1217 1148 versus.

197 1236 303 1260 nunc
323 1228 365 1259 et
385 1226 465 1260 ovis
485 1223 589 1259 ultro
610 1223 737 1272 fugiat
757 1223 886 1272 lupus,
905 1236 1022 1260 aurea
1043 1223 1165 1261 durae

196 1277 299 1313 mala
318 1276 447 1313 ferant
466 1290 646 1325 quercus,
667 1279 838 1313 narcisso
857 1276 995 1313 floreat
1014 1277 1140 1321 alnus,

196 1333 359 1380 pinguia
378 1331 590 1366 corticibus
610 1328 757 1367 sudenk
777 1330 925 1367 electra
946 1333 1131 1380 myricae,

195 1389 352 1421 certent
371 1389 413 1421 et
432 1387 565 1433 cycnis
586 1384 729 1427 ululae,
750 1387 801 1420 sit
822 1383 981 1433 Tityrus
1001 1384 1201 1434 Orpheus,
1329 1390 1376 1422 55

195 1437 382 1487 Orpheus
401 1440 441 1473 in
463 1438 581 1483 silvis,
602 1440 708 1474 inter
727 1436 937 1486 delphinas
957 1438 1092 1474 Arion.

245 1526 376 1573 incipe
398 1524 617 1560 Maenalios
637 1536 805 1569 mecum,
828 1536 913 1559 mea
935 1524 1046 1567 tibia,
1070 1537 1215 1563 versus.

193 1637 325 1670 omnia
344 1634 407 1671 vel
426 1635 602 1671 medium
622 1635 689 1670 fiat
708 1647 826 1671 mare.
883 1637 1004 1670 vivite
1025 1635 1169 1680 silvae3

194 1701 382 1737 praeceps
402 1690 496 1724 a'e'rii
517 1688 676 1736 specula
695 1688 745 1724 de
764 1691 910 1724 montis
931 1691 972 1724 iu
992 1688 1116 1724 undas

192 1741 374 1785 deferar3
404 1747 628 1778 extremum
648 1741 723 1778 hoc
743 1754 885 1778 munus
907 1744 1111 1778 morientis
1132 1742 1290 1780 habeto.
1322 1742 1373 1781 60

244 1827 382 1863 desine
406 1828 638 1873 Maenalios,
659 1831 734 1864 iam
755 1827 906 1872 desine,
931 1829 1038 1874 tibia,
1061 1829 1232 1866 versus.'’

622 1920 651 1938 ⁴¹³
676 1921 785 1960 duris]
803 1922 902 1952 nudis
920 1922 977 1952 Pl.

618 1962 648 1982 ⁵⁸
674 1965 759 1995 fiant
775 1963 880 2003 7ab²c.

193 2019 241 2050 58
