1430 2335
634 96 827 134 VIRGIL

143 174 301 211 flumina
319 186 447 210 amem
470 173 661 222 silvasque
681 172 882 222 inglorius.
938 185 961 209 o
982 173 1048 209 ubi
1067 174 1194 221 campi

143 237 441 287 Spercheosque
462 243 503 274 et
523 237 739 287 virginibus
759 237 950 273 bacchata
971 236 1159 273 Lacaenis

142 302 320 352 Taygeta
337 302 344 337 !
366 315 389 338 ο
409 304 475 351 qui
494 314 561 338 me
580 300 724 350 gelidis
743 301 984 337 convallibus
1006 301 1152 337 Haemi

143 369 255 403 sistat
275 371 318 403 et
337 368 493 415 ingenti
512 378 707 402 ramorum
726 370 913 415 protegat
933 366 1069 401 umbra
1088 364 1095 400 !

144 430 252 475 felix,
272 433 338 480 qui
358 433 490 479 potuit
507 442 638 466 rerum
657 442 894 479 cognoscere
915 442 1062 475 causas,
1242 433 1318 471 490

142 500 262 545 atque
283 500 414 531 metus
434 496 560 530 omnis
582 498 623 531 et
644 493 886 531 inexorabile
905 493 1034 530 fatum

142 559 313 596 subiecit
331 559 500 607 pedibus
520 561 810 608 strepitumque
831 557 1069 594 Acherontis
1087 560 1203 595 avari.

144 623 370 659 fortunatus
391 628 433 658 et
452 621 534 667 ille,
554 622 648 659 deos
669 625 735 671 qui
755 624 866 658 novit
885 624 1066 671 agrestis,

148 687 329 736 Panaque
350 686 632 736 Silvanumque
653 699 788 723 senem
810 685 1095 736 Nymphasque
1116 699 1277 723 sorores.

145 751 255 787 illum
276 764 354 788 non
375 751 512 800 populi
529 751 666 796 fasces,
681 764 759 786 non
781 764 952 799 purpura
971 763 1111 799 regum
1245 754 1320 793 495

144 814 253 851 flexit
273 820 314 851 et
333 814 475 850 infidos
494 817 649 863 agitans
668 814 864 851 discordia
882 814 1036 859 fratres,

144 884 213 926 aut
233 882 435 915 coniurato
455 878 701 915 descendens
723 879 854 915 Dacus
874 879 923 914 ab
947 878 1098 921 Histro,

145 956 223 979 non
245 956 306 978 res
330 943 527 979 Romanae
548 945 803 992 perituraque
824 954 971 992 regna3
998 954 1128 991 neque
1150 942 1216 978 ille

145 1011 214 1043 aut
233 1006 361 1043 doluit
379 1009 570 1042 miserans
591 1009 750 1056 inopem
771 1011 839 1042 aut
861 1006 1004 1043 invidit
1023 1005 1199 1043 habenti.

144 1083 240 1121 quos
261 1073 357 1106 rami
377 1070 540 1115 fructus,
561 1083 657 1120 quos
676 1073 760 1120 ipsa
780 1071 952 1108 volentia
972 1084 1060 1107 rura
1249 1075 1324 1107 500

146 1140 288 1184 sponte
308 1134 437 1171 tulere
459 1148 537 1181 sua,
559 1137 717 1184 carpsit,
739 1148 813 1171 nec
833 1134 961 1172 ferrea
981 1138 1075 1174 iura

145 1201 406 1248 insanumque
427 1199 554 1235 forum
575 1204 643 1234 aut
662 1198 798 1248 populi
818 1199 1015 1236 tabularia
1034 1202 1148 1239 vidit.

146 1263 362 1300 sollicitant
381 1264 447 1298 alii
467 1266 586 1299 remis
606 1263 707 1299 freta
729 1275 858 1308 caeca,
877 1269 1076 1314 ruuntque

146 1330 187 1363 in
208 1326 368 1372 serrum,
387 1331 601 1375 penetrant
620 1327 727 1362 aulas
747 1332 788 1363 et
804 1327 940 1362 limina
959 1341 1097 1376 regum
1113 1340 1124 1372 3

147 1389 211 1426 hic
232 1393 337 1438 petit
357 1390 520 1427 excidiis
540 1391 678 1427 urbem
699 1393 941 1439 miserosque
961 1394 1132 1440 penatis,
1252 1395 1325 1428 505

148 1459 193 1490 ut
213 1467 371 1502 gemma
392 1455 502 1490 bibat
524 1460 565 1491 et
581 1454 748 1491 Sarrano
768 1455 941 1490 dormiat
960 1460 1067 1491 ostro
1084 1467 1093 1499 ;

148 1518 284 1554 condit
304 1531 398 1566 opes
417 1518 516 1555 alius
536 1518 772 1568 defossoque
791 1519 953 1554 incubat
972 1532 1089 1563 aur03

146 1581 213 1618 hic
232 1587 369 1631 stupet
389 1585 585 1620 attonitus
605 1585 741 1619 rostris
759 1594 768 1626 ;
796 1581 903 1618 hunc
918 1582 1076 1632 plausus
1096 1582 1273 1620 hiantem

146 1658 219 1695 per
238 1658 383 1682 cuneos
402 1649 627 1695 geminatus
648 1649 751 1683 enim
772 1646 978 1696 plebisque
998 1652 1236 1696 patrumque

147 1713 361 1759 corripuit3
390 1710 569 1759 gaudent
587 1711 736 1760 perfusi
758 1713 948 1760 sanguine
968 1710 1148 1758 fratrum,
1250 1715 1324 1748 510

148 1774 365 1823 exsilioque
385 1774 523 1812 domos
544 1779 586 1812 et
606 1774 737 1811 dulcia
757 1774 895 1811 limina
913 1780 1072 1812 mutant

148 1841 267 1886 atque
288 1837 364 1873 alio
383 1842 552 1887 patriam
572 1843 770 1889 quaerunt
789 1839 860 1875 sub
881 1838 962 1875 sole
981 1842 1190 1877 iacentem.

236 1925 283 1944 4⁸⁸
302 1928 334 1957 iu
355 1929 497 1959 vallibus
513 1930 556 1959 R.
832 1928 877 1946 ⁴⁰¹
904 1929 1122 1961 ineluctabile
1138 1930 1180 1960 R.

238 1968 283 1987 ⁵⁰⁵
302 1971 485 2001 indm-iniat
505 1971 567 2003 Ml.
833 1971 879 1990 ⁵¹²
898 1975 1063 2010 quaerunt
1078 1974 1223 2011 patriam
1240 1973 1280 2004 P.

153 2030 225 2061 150
