1430 2335
674 130 868 167 VIRGIL

181 201 286 238 haud
305 215 415 239 mora
433 203 616 248 consiliis,
636 216 709 240 nec
729 207 831 241 iussa
848 211 1005 243 recusat
1024 207 1202 244 Acestes.

178 256 448 292 transcribunt
465 257 552 292 urbi
571 262 717 293 matres
736 259 1004 308 populumque
1023 261 1224 297 volentem
1279 263 1354 300 750

177 309 400 358 deponunt,
417 311 569 345 animos
589 310 643 346 nil
664 323 832 359 magnae
852 312 979 349 laudis
1000 317 1166 362 egentis.

177 365 250 411 ipsi
269 367 440 400 transtra
458 368 609 400 novant
627 363 870 413 flammisque
885 367 1045 402 ambesa
1064 374 1264 416 reponunt

176 417 315 453 robora
333 420 512 465 navigiis,
531 421 672 466 aptant
692 430 898 468 remosque
918 419 1191 471 rudentisque,

176 472 309 518 exigui
329 483 505 516 numero,
520 471 592 508 sed
612 470 718 507 bello
737 472 866 508 vivida
886 475 1020 511 virtus.

174 525 328 559 interea
348 523 505 560 Aeneas
524 526 661 560 urbem
683 525 868 574 designat
885 532 1014 562 aratro
1277 530 1351 568 755

173 579 414 626 sortiturque
433 577 592 621 domos3
621 577 694 613 hoc
715 577 832 614 Ilium
853 584 894 615 et
912 579 1011 616 haec
1030 580 1115 617 loca
1133 581 1287 619 Troiam

174 643 260 667 esse
278 631 402 667 iubet.
458 630 608 679 gaudet
627 644 749 680 regno
770 631 962 669 Troianus
982 633 1147 671 Acestes

174 683 394 734 indicitque
413 683 542 720 forum
561 689 604 721 et
622 685 798 733 patribus
817 686 887 722 dat
904 689 989 723 iura
1008 691 1166 726 vocatis.

174 742 259 774 tum
279 740 406 774 vicina
424 740 538 775 astris
558 738 728 787 Erycino
746 741 785 774 in
808 742 957 777 vertice
976 741 1090 777 sedes

172 790 363 828 fundatur
381 792 533 828 Veneri
553 791 714 836 Idaliae,
732 793 966 843 tumuloque
985 795 1166 832 sacerdos
1275 796 1350 836 760

172 858 217 881 ac
237 845 346 881 lucus
366 844 446 881 late
465 857 574 881 sacer
592 845 753 882 additur
771 846 981 884 Anchiseo.

225 898 389 947 Iamque
409 898 494 934 dies
513 898 674 947 epulata
692 912 835 936 novem
855 913 954 949 gens
973 904 1112 947 omnis,
1132 907 1174 939 et
1192 905 1267 940 aris

172 950 298 988 factus
318 951 442 988 honos
459 964 467 995 ;
496 952 639 1001 placidi
659 957 884 990 straverunt
901 967 1071 1004 aequora
1086 959 1208 1002 venti,

170 1006 309 1042 creber
328 1011 370 1042 et
388 1006 593 1054 adspirans
612 1019 742 1043 rursus
762 1012 875 1044 vocat
897 1008 1046 1044 Auster
1062 1011 1104 1045 in
1122 1009 1261 1047 altum.

170 1062 345 1095 exoritur
363 1072 552 1108 procurva
569 1062 711 1108 ingens
729 1072 801 1109 per
819 1059 934 1097 litora
954 1060 1091 1106 fletus;
1272 1062 1347 1102 765

169 1112 367 1161 complexi
386 1115 490 1149 inter
505 1125 546 1149 se
565 1118 805 1162 noctemque
823 1114 1011 1164 diemque
1029 1121 1242 1154 morantur.

168 1167 276 1213 ipsae
296 1168 371 1202 iam
394 1171 553 1211 matres,
570 1168 658 1215 ipsi,
678 1167 819 1216 quibus
837 1181 976 1217 aspera
994 1170 1190 1218 quondam

167 1220 251 1256 visa
268 1221 384 1255 maris
403 1219 524 1255 facies
544 1224 585 1256 et
604 1233 682 1256 non
701 1219 907 1258 tolerabile
925 1234 1085 1268 nomen,

169 1275 226 1309 ire
246 1273 383 1308 volunt
402 1285 643 1322 omnemque
664 1273 781 1320 fugae
802 1274 977 1322 perferre
996 1275 1184 1313 laborem.

168 1338 265 1375 quos
284 1327 410 1362 bonus
430 1328 587 1363 Aeneas
606 1327 723 1363 dictis
743 1327 891 1364 solatur
909 1331 1044 1365 amicis
1271 1331 1347 1370 770

168 1384 211 1417 et
230 1383 525 1429 consanguineo
544 1380 751 1416 lacrimans
771 1382 1025 1419 commendat
1045 1382 1228 1422 Acestae.

166 1435 238 1469 tris
258 1433 373 1482 Eryci
393 1433 537 1470 vitulos
557 1439 599 1470 et
616 1433 940 1482 Tempestatibus
956 1449 1099 1484 agnam

166 1486 333 1523 caedere
353 1486 501 1524 deinde
519 1487 632 1523 iubet
650 1487 826 1536 solvique
846 1501 895 1524 ex
915 1489 1053 1527 ordine
1072 1490 1223 1529 funem.

166 1542 264 1588 ipse,
285 1545 405 1588 caput
424 1545 562 1577 tonsae
582 1540 685 1577 foliis
704 1544 884 1577 evinctus
902 1542 1039 1588 olivae,

166 1598 274 1630 stans
290 1593 425 1642 procul
440 1596 480 1629 in
497 1606 611 1642 prora
623 1599 800 1642 pateram
814 1600 931 1632 tenet
945 1601 1115 1645 extaque
1131 1597 1251 1634 salsos
1270 1597 1344 1635 775

167 1650 332 1695 pori-icit
350 1649 392 1683 in
412 1646 553 1684 fluctus
571 1660 616 1683 ac
636 1650 725 1683 vina
746 1647 939 1697 liquentia
959 1649 1100 1687 fundit.

166 1702 419 1749 prosequitur
437 1713 604 1748 surgens
623 1714 646 1737 a
665 1704 788 1750 puppi
808 1707 951 1738 ventus
971 1706 1125 1747 euntis;

167 1756 351 1790 certatim
371 1756 466 1790 socii
485 1753 636 1790 feriunt
653 1767 761 1791 mare
781 1759 823 1791 et
841 1768 1012 1805 aequora
1030 1762 1202 1794 verrunt.

209 1848 256 1868 ⁷⁶¹
279 1851 417 1882 additus
431 1851 473 1882 P.

209 1892 256 1911 ⁷⁶⁷
282 1894 360 1934 ipsi]
376 1894 469 1932 ipsae
485 1894 625 1925 Nonius.

208 1935 257 1954 ⁷⁰⁸
281 1946 404 1967 nomen
443 1935 516 1968 Ml:
559 1947 685 1969 numen
724 1934 819 1977 M2P,
857 1938 991 1971 Servius
1029 1940 1122 1979 (Aen.
1155 1948 1205 1974 VI.
1248 1944 1343 1983 560):

164 1979 295 2011 caelum
311 1979 350 2010 R.

207 2020 256 2040 ⁷⁷²
278 2031 384 2060 agnos
399 2021 448 2054 M.

167 2074 243 2116 496
