1430 2335
670 99 863 136 VIRGIL

181 176 370 225 Pergama
389 179 431 212 et
449 179 645 211 armatum
664 175 843 224 peditem
862 177 990 224 gravis
1009 176 1146 214 attulit
1163 177 1263 223 alvo,

178 233 256 278 illa,
276 233 439 269 chorum
460 233 660 278 simulans,
680 232 864 269 euhantis
882 235 991 281 orgia
1010 236 1156 270 circum

177 291 350 327 ducebat
371 290 585 340 Phrygias;
615 289 809 326 flammam
829 289 960 327 media
978 293 1062 340 ipsa
1081 292 1249 329 tenebat

178 351 385 397 ingentem
405 353 447 384 et
466 361 618 384 summa
638 347 796 384 Danaos
815 360 863 383 ex
883 360 971 384 arce
991 349 1168 386 vocabat.

176 411 262 442 tum
282 418 360 450 me,
380 405 607 441 confectum
628 406 729 441 curis
749 417 966 454 somnoque
986 412 1208 453 gravatum,
1277 409 1352 443 5210

177 462 317 498 infelix
339 462 478 498 habuit
496 462 708 507 thalamus,
727 464 949 511 pressitque
969 464 1167 500 iacentem

177 518 302 556 dulcis
322 524 365 556 et
383 519 464 556 alta
484 522 594 569 quies
614 519 875 569 placidaeque
897 519 1094 556 simillima
1116 521 1244 556 morti.

177 579 339 626 egregia
358 579 511 613 interea
531 578 702 612 coniunx
721 589 829 612 arma
848 578 979 612 omnia
998 580 1116 614 tectis

176 638 347 679 emovet,
367 638 409 670 et
428 633 551 669 fidum
570 635 691 682 capiti
710 633 952 670 subduxerat
972 646 1109 671 ensem
1126 647 1134 677 ;

175 694 278 728 intra
299 696 408 728 tecta
427 695 542 728 vocat
563 690 792 727 Menelaum
813 695 855 727 et
873 690 1010 726 limina
1030 692 1182 741 pandit,
1277 694 1351 727 525

175 749 328 786 scilicet
346 749 385 785 id
405 762 594 797 magnum
613 762 774 797 sperans
794 748 877 785 fore
897 762 1039 785 munus
1058 751 1220 794 amanti,

175 813 217 844 et
235 807 379 843 famam
401 810 601 854 exstingui
622 812 802 843 veterum
822 809 875 843 sie
896 820 1008 856 posse
1027 807 1230 844 malorum.

175 865 269 915 quid
300 866 458 902 moror?
512 867 748 914 inrumpunt
780 864 967 909 thalamo,
1001 878 1132 902 comes
1165 864 1325 901 additur

282 936 360 959 una

174 981 353 1017 hortator
372 980 565 1017 scelerum
588 979 786 1017 Aeolides.
843 980 897 1025 di,
919 980 1012 1017 talia
1033 981 1147 1017 Grais

174 1041 403 1082 instaurate,
424 1041 490 1087 pio
510 1041 541 1074 si
562 1051 708 1087 poenas
728 1050 795 1073 ore
815 1050 988 1086 reposco.
1278 1040 1351 1074 530

174 1096 243 1132 sed
263 1101 304 1132 te
325 1099 390 1144 qui
411 1098 543 1131 vivum
562 1107 685 1139 casus,
705 1107 780 1143 age
800 1094 883 1131 fare
904 1097 1086 1140 vicissim,

173 1153 394 1190 attulerint.
453 1152 638 1202 pelagine
658 1154 768 1188 venis
787 1153 983 1189 erroribus
1001 1157 1113 1189 actus

172 1223 222 1246 an
241 1213 396 1246 monitu
415 1209 550 1245 divum
567 1210 581 1245 ?
635 1222 686 1245 an
706 1222 806 1258 quae
826 1214 867 1246 te
887 1208 1047 1246 fortuna
1067 1209 1224 1259 fatigat,

172 1272 218 1304 ut
234 1269 359 1304 tristis
378 1269 462 1304 sine
482 1266 564 1303 sole
583 1266 734 1311 domos,
752 1266 838 1302 loca
855 1266 1027 1311 turbida,
1047 1266 1174 1303 adires
1191 1265 1241 1302 ?'’

229 1324 318 1360 Hac
339 1327 421 1361 vice
441 1336 667 1361 sermonum
687 1325 807 1360 roseis
826 1323 979 1360 Aurora
997 1324 1197 1374 quadrigis
1273 1326 1348 1360 535

172 1384 249 1418 iam
267 1382 445 1418 medium
464 1381 645 1417 aetherio
664 1394 779 1417 eursu
797 1383 1008 1418 traiecerat
1027 1394 1163 1425 axem3

172 1444 214 1485 el:
233 1439 312 1476 fors
331 1452 449 1476 omne
469 1439 607 1475 datum
626 1438 834 1475 traherent
854 1451 925 1487 per
943 1438 1038 1475 talia
1058 1444 1231 1488 tempus,

172 1496 241 1533 sed
262 1510 392 1534 comes
411 1496 618 1533 admonuit
637 1497 890 1546 breviterque
910 1495 1046 1533 adfata
1065 1496 1215 1546 Sibylla
1235 1501 1296 1533 est
1313 1510 1322 1534 ε

172 1559 284 1591 “nox
305 1558 397 1600 ruit,
420 1556 557 1591 Aenea
574 1567 582 1598 ;
611 1567 682 1590 nos
701 1553 832 1590 flendo
852 1553 1032 1590 ducimus
1052 1553 1176 1591 horas.

170 1612 233 1648 hic
253 1613 361 1649 loeus
382 1617 456 1657 est,
477 1614 599 1661 partis
619 1612 685 1647 ubi
706 1625 746 1648 se
768 1614 830 1647 via
850 1611 966 1648 findit
985 1614 1026 1648 in
1046 1613 1201 1650 ambas:
1273 1616 1348 1650 540

170 1671 335 1707 dextera
355 1683 455 1720 quae
477 1670 582 1706 Ditis
603 1672 737 1719 magni
757 1670 829 1706 sub
849 1671 1006 1706 moenia
1026 1670 1172 1717 tendit,

170 1728 243 1764 hac
262 1731 340 1765 iter
360 1727 537 1776 Elysium
558 1727 671 1763 nobis
688 1739 698 1771 ;
726 1732 767 1764 at
785 1727 899 1764 laeva
917 1727 1111 1764 malorum

298 1824 345 1843 ⁵¹⁶
367 1826 465 1856 alveo
480 1825 557 1855 MR.

297 1868 344 1885 ³²⁴
368 1872 503 1899 emovet
519 1866 617 1906 F¹l1³7
631 1880 639 1897 :
659 1869 811 1898 etmovet
830 1865 872 1897 Ρι
892 1878 897 1898 ;
917 1870 1053 1899 amovet
1070 1865 1210 1900 F2MP2.

298 1910 344 1930 ⁵²³
369 1912 535 1942 thalamos
549 1911 586 1940 ]1’.
636 1911 775 1941 additus
788 1911 857 1941 PR.

298 1954 343 1972 ⁵⁸²
368 1954 523 1985 attulerit
542 1952 604 1983 Ml.

169 2030 243 2061 542
