1430 2335
675 71 867 109 VIRGIL

185 150 227 183 et
245 148 276 183 si
296 146 378 182 fata
397 146 529 194 deum,
549 149 580 183 si
599 160 712 184 mens
732 161 812 184 non
830 148 941 184 laeva
959 147 1111 194 suisset,

184 200 398 248 impulerat
417 199 520 236 ferro
543 201 744 249 Argolicas
764 201 923 238 foedare
942 201 1129 247 latebras,
1308 207 1354 239 55

185 252 378 302 Troiaque
398 266 504 290 nunc
524 259 661 299 staret,
683 254 904 304 Priamique
924 267 991 291 arx
1011 255 1091 292 alta
1109 268 1301 292 maneres.

237 310 261 327 “
275 306 379 343 Ecce
391 320 530 343 manus
542 310 725 344 iuvenem
741 311 894 345 interea
909 313 998 357 post
1011 314 1123 357 terga
1135 312 1354 346 revinctum

186 364 360 409 pastores
380 374 526 410 magno
544 361 593 397 ad
615 374 749 410 regem
769 361 940 398 clamore
961 362 1175 399 trahebant

186 413 452 459 Dardanidae,
473 417 539 464 qui
560 427 600 451 se
621 417 801 464 ignotum
821 416 1076 452 venientibus
1095 416 1214 461 ultro,
1308 419 1356 457 59

185 466 260 503 hoc
279 470 408 516 ipsum
430 473 475 504 ut
494 473 667 505 strueret
687 468 924 518 Troiamque
944 471 1117 518 aperiret
1137 469 1314 514 Achivis,

185 521 397 566 obtulerat,
420 521 545 558 fidens
564 524 686 558 animi
704 527 824 572 atque
845 525 884 558 iu
901 527 1113 572 utrumque
1133 528 1304 572 paratus,

184 587 254 611 seu
276 588 430 611 versare
450 575 561 612 dolos
581 588 650 611 seu
670 581 802 612 certae
822 576 1056 613 occumbere
1077 579 1206 613 morti.

185 628 361 678 undique
382 629 533 665 visendi
553 629 687 665 studio
706 629 874 665 Troiana
893 632 1077 666 iuventus

186 681 420 719 circumfusa
439 685 519 718 ruit
539 688 774 732 certantque
794 683 975 720 inludere
994 688 1121 733 capto.

185 739 321 785 accipe
340 749 446 772 nunc
466 736 649 772 Danaum
668 737 831 773 insidias
851 741 893 774 et
913 739 1076 774 crimine
1096 737 1145 772 ab
1164 750 1242 774 uno
1310 735 1358 773 65

185 789 292 826 disce
313 792 449 825 omnis.

186 856 357 892 namque
379 848 421 879 ut
443 848 660 893 conspectu
680 845 719 879 in
741 843 875 879 medio
895 844 1088 888 turbatus,
1109 846 1283 889 inermis,

186 899 367 933 constitit
386 902 506 946 atque
527 897 653 933 oculis
674 896 842 946 Phrygia
862 900 1020 945 agmina
1040 899 1331 947 circumspexit,

186 950 312 987 ‘heu!
344 963 444 999 quae
471 964 576 987 nunc
600 950 744 995 tellus,'
776 953 920 1000 inquit,
947 955 1072 1000 ‘quae
1100 963 1165 988 me
1192 964 1362 1001 aequora

290 1008 457 1053 possunt

187 1060 393 1107 accipere?
423 1063 492 1094 aut
505 1057 599 1107 quid
613 1060 689 1093 iam
705 1060 847 1094 misero
860 1057 957 1093 mihi
970 1057 1143 1107 denique
1157 1063 1293 1103 restat,
1315 1061 1364 1097 ΤΟ

188 1115 251 1148 cui
270 1125 401 1161 neque
420 1111 525 1160 apud
547 1110 706 1147 Danaos
724 1124 890 1161 usquam
910 1110 1031 1156 locus,
1051 1116 1092 1148 et
1111 1124 1228 1161 super
1247 1115 1321 1161 ipsi

189 1165 441 1202 Dardanidae
462 1164 605 1201 infensi
626 1178 772 1213 poenas
793 1178 881 1201 cuni
903 1167 1094 1213 sanguine
1110 1170 1278 1214 poscunt
1293 1165 1328 1201 ?'

189 1232 265 1269 quo
285 1222 438 1268 gemitu
458 1221 634 1254 conversi
654 1220 790 1263 animi,
808 1231 1055 1267 compressus
1075 1223 1116 1255 et
1131 1222 1258 1256 omnis
1313 1231 1366 1255 MP

188 1276 371 1322 impetus.
404 1272 609 1308 hortamur
629 1271 714 1317 fari,
734 1285 812 1321 quo
832 1274 1026 1320 sanguine
1045 1277 1191 1318 cretus,

189 1326 334 1376 quidve
355 1325 480 1369 ferat3
509 1330 715 1371 memoret,
736 1338 837 1375 quae
858 1327 908 1361 sit
929 1325 1073 1361 fiducia
1093 1331 1220 1375 capto.
1317 1327 1364 1364 75

190 1381 257 1417 ille
278 1380 388 1425 haec,
410 1379 593 1428 deposita
613 1379 776 1415 tandem
797 1378 1021 1423 formidine,
1040 1378 1156 1416 fatur.

244 1439 267 1455 ‘⁶
287 1438 298 1454 ‘
315 1434 467 1470 Cuncta
493 1432 679 1482 equidem
710 1433 794 1478 tibi,
822 1445 905 1478 reat,
930 1431 1051 1469 fuerit
1077 1432 1366 1483 quodcumque,

298 1487 452 1523 fatebor

192 1543 307 1586 vera,'
328 1543 457 1590 iuquit
473 1555 479 1575 ε
501 1543 512 1560 ‘
528 1552 660 1589 neque
676 1552 740 1575 me
757 1539 943 1589 Argolica
957 1539 1006 1575 de
1022 1544 1146 1588 gente
1162 1541 1317 1588 negabo
1333 1553 1342 1577 t

191 1596 266 1632 hoc
286 1597 476 1644 primum;
507 1606 581 1629 nec
602 1596 633 1629 si
654 1596 840 1629 miserum
863 1593 1036 1629 Fortuna
1056 1592 1244 1629 Sinonem
1275 1593 1368 1645 [Mpv

192 1649 319 1693 finxit,
340 1661 482 1683 vanum
503 1649 624 1683 etiam
644 1646 958 1696 mendacemque
970 1647 1146 1695 improba
1162 1646 1297 1695 finget.
1321 1651 1369 1684 80

194 1702 313 1738 fando
333 1700 491 1750 aliquod
511 1704 540 1736 si
562 1700 664 1736 forte
684 1705 771 1736 tuas
791 1703 975 1749 pervenit
994 1700 1043 1735 ad
1063 1703 1166 1736 auris

194 1755 357 1792 Belidae
377 1767 522 1790 nomen
545 1753 763 1790 Palamedis
783 1758 825 1790 et
844 1753 993 1790 incluta
1012 1752 1115 1789 fama

195 1810 332 1859 gloria,
352 1821 470 1857 quem
491 1807 587 1843 falsa
607 1808 678 1844 sub
699 1807 922 1856 proditione
941 1806 1095 1855 Pelasgi

238 1872 267 1891 ⁵5
290 1875 396 1902 stares
412 1871 481 1901 PR.
535 1873 687 1901 maneret
704 1869 767 1902 Jl2.
844 1869 872 1889 ⁵⁹
896 1870 971 1908 quis
984 1869 1157 1910 preferred
1173 1871 1211 1911 by
1226 1871 1371 1903 Sere-Ius.

239 1914 267 1933 ⁶²
289 1917 379 1947 certe
396 1912 491 1944 MP2.
538 1924 711 1945 occurrere
727 1913 782 1945 P1.

241 1957 271 1977 ⁵⁹
297 1967 386 1989 nunc
399 1958 411 1997 ]
426 1966 479 1987 me
499 1956 696 1993 Quintilian,
716 1957 779 1987 IX.
797 1958 824 1994 2,
843 1958 873 1988 9.

242 2000 272 2019 ⁷⁶
289 2000 418 2031 omitted
435 1999 486 2030 P:
499 1999 615 2040 atfoot
630 1999 758 2040 ofpaye
775 2000 822 2032 M.
883 1998 910 2018 ⁷⁷
935 1998 1063 2030 fuerint
1078 2008 1297 2037 quaecunque
1313 1998 1368 2032 Pl.

200 2048 275 2086 298
