1430 2335
647 89 839 126 VIRGIL

154 165 219 200 ille
241 166 312 200 sub
332 164 429 200 haec
449 177 456 200 :
486 167 510 184 “
525 176 605 199 non
625 164 751 200 laudis
770 177 878 200 amor
897 177 970 200 nec
990 164 1115 213 gloria
1133 168 1251 202 cessit

154 218 263 266 pulsa
283 223 417 260 metu3
446 217 516 254 sed
531 220 637 253 enim
658 217 813 266 gelidus
832 217 1016 254 tardante
1036 223 1198 254 senecta
1253 222 1327 260 395

153 273 311 319 sanguis
330 271 466 315 hebet,
485 270 713 319 frigentque
735 270 874 307 effetae
895 274 935 306 in
955 284 1116 319 corpore
1138 275 1247 308 vires

153 327 183 360 si
203 324 313 368 mihi,
333 337 432 373 quae
452 324 650 373 quondam
670 324 799 360 fuerat
819 337 972 373 quaque
991 325 1190 373 improbus
1210 328 1285 361 iste

153 377 326 413 exsultat
347 377 482 421 fidens,
504 380 534 412 si
554 390 659 413 nunc
679 377 782 413 foret
800 377 867 413 illa
886 380 1078 422 iuventas,

153 430 259 466 haud
280 431 465 479 equidem
486 433 613 478 pretio
632 431 817 467 inductus
837 430 1079 480 pulchroque
1099 433 1263 468 iuvenco

154 486 361 529 venissem,
380 497 453 520 nec
473 484 577 519 dona
598 483 762 521 moror.”
819 487 872 519 sic
892 483 1037 520 deinde
1052 484 1205 521 locutus
1252 489 1328 521 400

153 540 193 572 in
212 537 388 573 medium
407 540 586 585 geminos
604 540 765 573 immani
785 537 960 585 pondere
980 542 1133 574 caestus

153 593 330 638 proiecit,
351 591 491 639 quibus
510 603 600 626 acer
619 591 724 638 Eryx
744 593 784 626 in
805 590 951 639 proelia
971 596 1104 627 suetus

152 643 254 680 ferre
273 657 434 680 manum
454 644 629 693 duroque
649 644 859 680 intendere
879 643 1060 680 bracchia
1078 649 1202 693 tergo.

152 698 378 746 obstipuere
398 700 518 733 animi
536 711 543 740 3
574 702 775 734 tantorum
796 700 974 745 ingentia
993 703 1148 746 septem

151 756 263 799 terga
283 752 402 787 boum
422 751 585 799 plumbo
605 753 736 787 insuto
757 750 937 800 ferroque
956 752 1151 799 rigebant.
1251 756 1326 788 405

151 810 245 840 ante
265 806 391 840 omnis
411 809 547 852 stupet
567 807 649 852 ipse
673 804 795 840 Dares
814 804 1010 853 longeque
1031 810 1199 850 recusat,

153 860 507 906 magnanimusque
529 857 788 893 Anchisiades
810 862 850 893 et
871 857 1024 905 pondus
1044 863 1085 894 et
1104 862 1187 906 ipsa

152 909 228 946 huc
248 911 341 947 illuc
362 911 579 947 vinclorum
599 913 791 947 immensa
810 911 1009 947 volumina
1029 916 1169 949 versat.

150 969 235 999 tum
257 966 386 1000 senior
406 964 494 1000 talis
514 963 712 1000 referebat
731 969 892 1013 pectore
914 976 1028 1000 voces
1045 978 1052 1001 :

151 1017 295 1066 “quid,
316 1020 346 1054 si
366 1020 452 1067 quis
470 1022 624 1054 caestus
643 1020 763 1066 ipsius
783 1023 825 1054 et
846 1017 1032 1054 Herculis
1049 1030 1156 1053 arma
1251 1024 1326 1055 410

151 1071 316 1108 vidisset
337 1074 571 1119 tristemque
593 1070 666 1106 hoc
686 1074 769 1119 ipso
788 1074 828 1106 in
848 1071 964 1107 litore
986 1072 1187 1120 pugnam?

150 1124 248 1161 haec
269 1137 480 1173 germanus
501 1124 607 1172 Eryx
628 1124 824 1173 quondam
846 1129 937 1160 tuus
956 1137 1062 1160 arma
1081 1125 1246 1173 gerebat
1265 1139 1272 1168 ;

149 1177 358 1227 (sanguine
378 1180 505 1213 cernis
525 1177 653 1213 adhuc
674 1190 884 1226 sparsoque
904 1178 1053 1214 infecta
1073 1179 1252 1228 cerebro)

148 1230 209 1267 his
229 1244 418 1280 magnum
439 1230 608 1267 Alciden
628 1237 763 1266 contra
784 1234 895 1267 stetit
912 1244 920 1274 3
948 1231 1009 1267 his
1030 1244 1104 1279 ego
1124 1237 1271 1277 suetus,

148 1284 243 1320 dum
264 1284 402 1320 melior
422 1287 510 1320 viris
530 1286 689 1333 sanguis
709 1285 841 1329 dabat,
860 1285 1015 1320 aemula
1034 1284 1205 1321 necdum
1247 1290 1322 1322 415

149 1338 392 1386 temporibus
412 1340 579 1386 geminis
601 1338 770 1374 canebat
790 1350 924 1386 sparsa
943 1343 1140 1375 senectus.

147 1391 216 1427 sed
237 1393 269 1427 si
289 1396 421 1427 nostra
444 1390 568 1427 Dares
588 1390 684 1426 haec
704 1390 841 1426 Troius
861 1404 967 1426 arma
986 1395 1153 1437 recusat,

146 1444 266 1493 idque
286 1447 351 1493 pio
370 1444 485 1480 sedet
506 1445 682 1489 Aeneae,
703 1439 842 1492 probat
863 1449 1001 1481 auctor
1020 1445 1200 1490 Acestes,

145 1510 360 1546 aequemus
380 1510 543 1546 pugnas.
601 1498 737 1546 Erycis
756 1498 829 1534 tibi
849 1503 963 1546 terga
982 1500 1144 1534 remitto

144 1551 269 1599 (solve
288 1550 449 1600 metus),
469 1556 510 1587 et
530 1556 572 1586 tu
594 1550 781 1587 Troianos
800 1564 900 1587 exue
919 1551 1111 1588 caestus.”
1245 1555 1321 1588 420

144 1604 242 1640 haec
263 1603 366 1640 fatus
387 1604 587 1653 duplicem
608 1617 655 1640 ex
678 1607 821 1640 umeris
841 1607 979 1641 reiecit
998 1607 1199 1649 amictum,

145 1663 185 1693 et
207 1671 369 1706 magnos
390 1658 653 1694 membrorum
673 1663 794 1702 artus,
807 1671 949 1706 magna
969 1671 1055 1694 ossa
1072 1658 1320 1708 lacertosque

143 1714 253 1747 exuit
272 1716 392 1760 atque
412 1713 554 1758 ingens
573 1710 703 1746 media
724 1713 904 1747 consistit
925 1711 1085 1747 harena.

194 1763 296 1800 Tum
317 1770 421 1800 satus
441 1763 614 1800 Anchisa
635 1769 789 1800 caestus
809 1769 921 1812 pater
941 1764 1087 1801 extulit
1105 1777 1249 1814 aequos

142 1822 183 1853 et
205 1818 360 1866 paribus
381 1817 530 1867 palmas
548 1818 752 1854 amborum
773 1820 954 1854 innexuit
972 1820 1100 1854 armiS·
1243 1823 1317 1855 4⁶25

228 1889 275 1908 39⁸
304 1892 463 1922 iuventus
481 1892 518 1921 P.
816 1889 860 1907 4²¹
886 1891 1008 1922 deiecit
1028 1890 1083 1923 P¹.

227 1932 273 1950 ⁴³2
298 1944 374 1971 -que
392 1934 520 1964 omittas]
538 1932 592 1965 P2.
812 1932 856 1951 ³²³
880 1934 1004 1965 extulit
1021 1935 1215 1966 Alawobius.

226 1974 271 1995 ⁴¹²5
296 1978 447 2008 intexuit
464 1975 527 2007 illl.

139 2033 214 2068 472
