1430 2335
647 81 836 117 VIRGIL

154 160 319 207 quisque
339 170 428 194 suos
447 160 618 206 patimur
640 159 778 195 Manis.
837 158 980 195 exinde
1000 172 1071 208 per
1090 159 1263 208 amplum

154 214 349 247 mittimur
370 211 560 260 Elysium,
581 216 622 248 et
643 215 754 260 pauci
776 212 879 248 laeta
899 225 989 248 arva
1008 217 1205 258 tenemus,

155 264 282 301 donec
302 264 420 313 longa
439 264 534 310 dies,
557 265 735 314 perfecto
754 268 943 314 temporis
963 266 1057 302 orbe
1252 266 1326 304 745

155 323 379 354 concretam
400 320 548 355 exemit
568 318 711 363 labem,
731 331 952 368 purumque
972 319 1162 368 relinquit

155 370 377 408 aetherium
397 384 555 408 sensum
576 377 695 421 atque
716 375 822 408 aurai
842 372 1029 421 simplicis
1049 375 1194 421 ignem.

155 424 225 461 has
246 428 385 470 omnis,
406 425 471 461 ubi
492 425 600 462 mille
621 430 747 462 rotam
769 425 924 463 volvere
945 439 1015 475 per
1035 439 1170 470 annos,

159 477 379 515 Lethaeum
399 478 448 515 ad
469 478 626 515 fluvium
646 478 744 516 deus
764 484 902 516 evocat
920 482 1077 528 agmine
1098 492 1255 528 magno,

157 532 309 569 scilicet
328 535 577 569 immemores
597 545 738 582 supera
758 537 801 569 ut
821 545 996 569 convexa
1016 535 1201 578 revisant,
1258 534 1331 571 750

156 598 288 622 rursus
308 590 351 622 et
370 588 562 634 incipiant
581 588 622 622 in
642 599 804 635 corpora
824 585 927 623 velle
948 585 1131 623 reverti.''

213 639 380 676 Dixerat
400 639 609 685 Anchises,
629 645 847 689 natumque
868 653 1023 689 unaque
1045 639 1235 689 Sibyllam

159 698 377 730 conventus
396 692 521 729 trahit
540 696 579 729 in
600 693 751 730 medios
770 693 1007 742 turbamque
1027 699 1234 730 sonantem

159 751 200 783 et
220 746 416 783 tumulum
437 749 554 796 capit,
576 746 682 783 unde
702 749 828 783 omnis
849 747 968 795 longo
987 747 1125 783 ordine
1146 751 1279 796 posset

158 799 341 837 adversos
360 800 494 849 legere
515 805 557 837 et
577 803 808 837 venientum
827 800 978 837 discere
1000 800 1137 837 voltus.
1259 802 1331 838 755

215 859 237 875 “
253 854 369 890 Nunc
416 867 502 902 age,
552 854 791 890 Dardaniam
838 853 989 903 prolem
1035 867 1135 903 quae
1184 853 1330 890 deinde

264 912 451 957 sequatur
1255 920 1335 943 MPR

159 960 295 1009 gloria,
315 963 381 1010 qui
402 966 590 997 maneant
612 961 711 998 Itala
731 960 781 998 de
801 966 925 1010 gente
945 966 1125 1010 nepotes,

160 1014 335 1051 inlustris
355 1017 504 1050 animas
525 1020 782 1064 nostrumque
802 1018 843 1050 in
864 1027 1009 1051 nomen
1030 1018 1150 1051 ituras

161 1068 370 1117 expediam
390 1068 507 1104 dictis
527 1073 568 1104 et
588 1073 629 1105 te
649 1073 717 1105 tua
738 1068 818 1105 fata
838 1068 1000 1105 docebo.

160 1121 241 1165 ille,
262 1121 385 1167 vides,
404 1134 501 1170 pura
521 1124 674 1158 iuvenis
694 1124 761 1171 qui
781 1124 923 1158 nititur
943 1121 1068 1163 hasta,
1263 1122 1336 1159 760

161 1177 336 1224 proxima
357 1180 462 1211 sorte
483 1180 598 1212 tenet
619 1175 715 1211 lucis
735 1175 833 1220 loca,
853 1178 1000 1224 primus
1020 1175 1069 1211 ad
1089 1188 1201 1212 auras

161 1228 358 1265 aetherias
380 1228 480 1265 italo
500 1231 735 1266 commixtus
755 1231 946 1277 sanguine
965 1234 1111 1277 surget,

162 1281 316 1327 Silvius,
339 1282 536 1318 Albanum
558 1295 715 1327 nomen,
737 1287 805 1319 tua
826 1287 1005 1331 postuma
1026 1282 1167 1331 proles,

163 1349 280 1384 quem
301 1336 374 1372 tibi
395 1335 588 1385 longaevo
609 1349 739 1372 serum
762 1335 923 1371 Lavinia
943 1338 1112 1372 coniunx

164 1389 310 1425 educet
330 1389 436 1426 silvis
456 1402 592 1438 regem
613 1402 831 1439 regumque
852 1394 1074 1438 parentem,
1264 1391 1336 1428 765

164 1443 269 1480 unde
290 1456 416 1491 genus
439 1442 575 1491 Longa
595 1448 773 1479 nostrum
795 1443 1062 1479 dominabitur
1083 1442 1194 1479 Alba.

164 1499 362 1545 proximus
382 1496 449 1533 ille
472 1496 624 1541 Procas,
643 1496 835 1533 Troianae
855 1496 978 1545 gloria
997 1499 1142 1545 gentis,

206 1560 249 1579 ⁷⁴¹⁶
274 1560 387 1592 tabem
402 1561 440 1591 R.
490 1560 631 1602 reliquit
647 1560 716 1592 PR.

207 1603 249 1622 ⁷⁴⁷
273 1614 377 1634 aurae
394 1603 549 1635 FMPR:
572 1604 666 1634 aurai
685 1615 708 1641 c,
729 1605 874 1635 Servius.

207 1646 251 1665 ⁷⁵⁰
274 1657 376 1687 super
388 1650 425 1678 ut
438 1646 513 1677 Ml:
529 1657 652 1688 supera
665 1650 726 1678 aut
740 1647 783 1677 Fl
793 1657 803 1678 .·
820 1657 920 1687 super
931 1649 992 1677 aut
1002 1646 1108 1678 M²R.·
1126 1646 1338 1688 superantP.

208 1689 251 1708 ⁷5⁴
275 1690 384 1730 possit
395 1690 433 1721 F.
825 1689 868 1708 ⁷⁶²
893 1690 1003 1730 surgit
1019 1689 1072 1720 JI.

209 1732 250 1751 ⁷⁶⁵
274 1732 391 1763 educit
408 1732 474 1764 Ml.
833 1732 876 1751 ⁷⁰⁸
899 1736 1055 1763 nostrum
1074 1732 1189 1774 Longa
1206 1732 1273 1763 M1.

210 1812 219 1829 ¹
238 1812 309 1842 The
321 1812 508 1843 attendant
520 1813 632 1853 spirit,
645 1813 768 1851 qenins,
786 1822 833 1850 or,
851 1822 887 1842 as
904 1811 994 1850 here,
1010 1811 1062 1842 his
1073 1813 1338 1849 Manes,accon1-

165 1855 283 1894 panies
301 1865 318 1884 a
337 1865 413 1885 man
427 1855 576 1896 through
590 1854 661 1893 life,
676 1854 743 1885 and
757 1855 830 1885 into
844 1854 903 1885 the
914 1854 1013 1885 other
1024 1854 1143 1892 world,
1156 1854 1268 1885 where
1280 1854 1339 1885 the

166 1898 257 1928 taint
275 1897 309 1927 of
326 1898 415 1938 guilt
433 1898 460 1929 is
480 1897 608 1939 purged
619 1908 727 1939 away.
776 1897 934 1938 Possibly
947 1897 1006 1928 the
1017 1897 1157 1938 spiritis
1170 1897 1264 1928 itself
1280 1897 1339 1928 the

165 1944 269 1981 agent
291 1941 326 1971 of
349 1941 584 1981 punishment.
630 1941 697 1971 For
722 1940 851 1971 Plato's
873 1944 1018 1971 account
1040 1950 1095 1971 see
1117 1940 1176 1971 the
1197 1941 1334 1977 Phaeclo,

164 1983 216 2031 ch.
237 1982 308 2014 lvii.
358 1983 427 2031 But
444 1984 503 2015 the
520 1984 650 2025 precise
667 1984 827 2025 meaning
839 1983 873 2014 of
890 1983 959 2014 this
976 1987 1164 2015 statement
1181 1983 1216 2014 in
1227 1982 1339 2024 Virgil

166 2035 193 2056 ls
211 2030 402 2057 uncertain.

165 2087 237 2125 558
