1430 2335
573 395 804 442 LIBER
840 394 918 442 IV

157 527 355 564 Pnomws
375 530 469 564 aerii
489 528 619 565 mellis
639 528 823 565 caelestia
844 529 947 564 dona
1253 540 1332 564 MPR

156 601 359 639 exsequar.
416 589 518 626 hanc
538 592 673 634 etiarn,
696 590 918 633 Maecenas,
939 592 1067 639 aspice
1089 594 1256 638 partem.

155 650 389 686 admiranda
408 651 481 687 tibi
502 650 647 687 levium
669 651 891 700 spectacula
912 664 1043 688 rerum

156 714 503 761 magnanimosque
523 712 644 749 duces
664 715 865 762 totiusque
886 712 1024 748 ordine
1046 715 1177 762 gentis

156 786 282 810 mores
303 779 344 810 et
363 775 492 810 studia
512 779 554 810 et
574 774 739 824 populos
760 779 801 811 et
820 774 969 824 proelia
989 774 1128 810 dicam.

156 837 196 870 in
217 837 327 871 tenui
342 836 474 880 labor;
502 840 543 871 at
563 838 694 872 tenuis
712 848 793 871 non
813 835 950 885 gloria,
972 837 1002 871 si
1023 848 1140 884 quem

157 898 320 932 numina
340 896 450 933 laeva
471 899 605 933 sinunt
625 897 816 946 auditque
837 901 998 932 vocatus
1020 896 1173 945 Apollo.

212 957 410 1008 Principio
430 958 544 995 sedes
562 959 701 1007 apibus
721 961 916 1008 statioque
937 958 1123 1007 petenda,

157 1033 234 1069 quo
254 1032 383 1069 neque
405 1022 455 1055 sit
475 1023 602 1056 ventis
630 1020 763 1056 aditus
783 1018 892 1071 (nam
912 1019 1057 1069 pabula
1077 1021 1186 1055 venti

159 1081 261 1118 ferre
281 1081 442 1117 domum
463 1080 692 1132 probibent)
708 1094 838 1131 neque
858 1094 949 1117 oves
970 1080 1166 1130 haedique
1187 1080 1335 1129 petulci

158 1141 314 1179 floribus
334 1142 541 1186 insultent,
562 1147 630 1178 aut
651 1156 784 1178 errans
804 1143 944 1178 bucula
967 1155 1105 1191 campo
1290 1146 1331 1177 ll

159 1203 338 1240 decutiat
358 1217 485 1240 rorem
506 1208 547 1239 et
568 1207 765 1253 surgentis
785 1208 933 1240 atterat
955 1203 1105 1240 herbas.

159 1265 290 1300 absint
310 1270 351 1301 et
371 1267 468 1314 picti
488 1265 708 1314 squalentia
724 1270 836 1314 terga
855 1264 994 1301 lacerti

160 1327 373 1376 pinguibus
392 1340 414 1362 a
435 1327 609 1372 stabulis,
633 1339 890 1376 meropesque
911 1326 1088 1375 aliaeque
1112 1325 1287 1363 volucres

161 1393 202 1425 et
221 1388 400 1424 manibus
423 1387 571 1424 Procne
592 1392 732 1437 pectus
752 1390 904 1436 signata
926 1389 1098 1424 cruentis
1116 1401 1123 1423 :
1292 1391 1336 1423 15

159 1452 289 1485 omnia
310 1462 399 1485 nam
421 1449 501 1486 late
522 1454 678 1485 vastant
696 1452 875 1498 ipsasque
896 1449 1063 1485 volantis

161 1524 227 1547 ore
249 1511 381 1547 ferunt
402 1511 560 1547 dulcem
580 1511 683 1546 nidis
703 1511 921 1547 immitibus
942 1523 1080 1548 escam.

160 1578 203 1608 at
222 1572 361 1622 liquidi
382 1572 512 1608 fontes
532 1577 573 1608 et
594 1577 732 1621 stagna
751 1575 920 1608 virentia
940 1585 1074 1608 musco

161 1633 293 1670 adsint
314 1639 354 1670 et
375 1636 505 1669 tenuis
526 1634 681 1683 fugiens
702 1646 773 1684 per
792 1636 972 1683 gramina
991 1636 1108 1677 rivus,

162 1695 371 1744 palmaque
394 1695 631 1732 vestibulum
651 1700 721 1731 aut
741 1697 883 1744 ingens
904 1695 1072 1731 oleaster
1093 1695 1306 1739 inumbret,

163 1762 219 1799 ut,
240 1769 328 1792 cum
349 1759 473 1805 prima
494 1759 583 1792 novi
603 1757 753 1792 ducent
773 1758 950 1792 examina
971 1769 1083 1804 reges
1287 1761 1332 1792 21

164 1830 256 1853 vere
277 1831 359 1862 suo,
378 1818 570 1867 ludetque
591 1817 688 1853 favis
709 1820 847 1853 emissa
867 1820 1062 1860 iuventus,

164 1881 291 1914 vicina
311 1881 455 1914 invitet
474 1878 672 1916 decedere
693 1881 778 1928 ripa
800 1878 930 1923 calori,

1312 777 1333 810 (ἂι

293 1957 320 1976 ¹¹
344 1959 453 1996 campi
470 1959 510 1989 P.
909 1957 936 1975 ²⁰
960 1959 1036 1999 aut]
1052 1961 1154 1997 atque
1170 1957 1207 1991 P.

169 2000 242 2044 196

1419 0 1430 140 ‚amma-¹

1424 317 1430 341 ι»
1423 271 1428 302 --
1422 203 1428 261 ᾼ--φ
1421 149 1428 184 --
