1430 2335
652 127 843 164 VIRGIL

213 201 375 238 Talibus
394 204 578 238 incensus
598 201 714 239 dictis
734 205 898 239 senioris
917 205 1032 240 amici

162 260 247 291 tum
268 268 360 291 vero
379 258 420 291 in
439 268 550 292 curas
568 258 701 292 31111110
720 256 920 293 diducitur
939 259 1077 294 omnis.

162 313 203 344 et
224 308 312 344 Nox
331 314 415 345 atra
434 309 569 358 polum
588 309 690 358 bigis
709 310 897 346 subvecta
917 311 1108 347 tenebat:

160 364 242 398 visa
261 362 407 398 dehinc
426 363 535 399 caelo
555 362 674 399 facies
694 363 853 412 delapsa
872 366 1047 413 parentis

160 415 358 452 Anchisae
378 416 509 453 subito
528 416 617 452 talis
636 415 840 453 effundere
859 429 973 454 voces
990 431 998 452 :

160 473 184 488 “
199 474 307 514 nate,
327 469 424 505 mihi
445 472 524 506 vita
543 469 756 519 quondam,
774 469 869 507 dum
891 473 970 507 vita
990 471 1188 517 manebat,

160 535 248 558 care
269 525 406 572 magis,
426 528 533 568 nate,
556 523 685 560 Iliacis
705 526 880 560 exercite
901 523 1005 569 fatis,
1260 526 1334 563 725

160 578 326 625 imperio
347 576 449 613 Iovis
470 576 547 613 huc
567 579 694 621 venio,
714 579 781 627 qui
801 576 987 614 classibus
1006 579 1140 626 ignem

159 629 328 678 depulit,
348 635 390 667 et
409 630 519 667 caelo
539 630 703 667 tandem
723 633 930 668 miseratus
950 631 999 667 ab
1018 630 1099 667 alto
1120 636 1191 668 est.

158 683 331 719 consiliis
350 697 456 733 pare,
476 696 576 734 quae
595 697 702 721 nunc
722 683 988 734 pulcherrima
1006 684 1160 720 Nautes

160 737 230 773 dat
249 739 379 773 senior
396 750 404 781 3
433 737 558 774 lectos
577 740 753 783 iuvenes,
773 737 984 775 fortissima
1003 737 1133 782 corda,

161 790 274 827 defer
291 793 330 826 in
353 790 520 829 Italiam.
578 804 677 841 gens
696 791 793 828 dura
812 797 931 841 atque
949 804 1090 841 aspera
1109 790 1218 828 cultu
1260 793 1334 830 730

161 844 399 881 debellanda
420 845 492 880 tibi
514 844 628 881 Latio
648 850 719 882 est.
777 845 883 881 Ditis
901 850 1038 882 tamen
1057 849 1150 881 ante

159 897 335 934 infernas
354 898 499 934 accede
519 898 656 935 domos
676 904 718 936 et
737 899 896 936 Averna
914 911 986 948 per
1004 898 1086 935 alta

159 964 392 1001 congressus
412 957 520 1000 pete,
538 957 645 998 nate,
666 965 786 989 meos.
842 965 922 989 non
940 965 1004 989 me
1024 954 1144 1002 impia
1163 965 1333 1001 namque

158 1004 322 1041 Tartara
340 1005 504 1050 habent,
523 1008 659 1043 tristes
678 1006 851 1050 umbrae,
872 1005 942 1042 sed
961 1018 1126 1042 amoena
1145 1008 1297 1055 piorum

158 1059 324 1095 concilia
344 1058 601 1108 Elysiumque
621 1059 718 1096 colo.
774 1059 852 1095 huc
872 1064 978 1096 casta
997 1058 1147 1109 Sibylla
1259 1061 1332 1097 735

157 1115 359 1162 nigrarum
378 1112 504 1149 multo
523 1112 721 1162 pecudum
740 1117 782 1150 te
801 1115 993 1162 sanguine
1013 1112 1144 1150 ducet.

157 1171 242 1203 tum
263 1179 390 1216 genus
409 1179 525 1203 omne
546 1171 658 1203 tuum
679 1171 721 1203 et
740 1179 840 1216 quae
861 1166 1008 1203 dentur
1021 1168 1176 1203 moenia
1195 1165 1331 1203 disces.

158 1222 314 1269 iamque
336 1219 443 1264 vale3
473 1224 635 1269 torquet
654 1219 804 1256 medios
826 1220 913 1256 Nox
932 1220 1067 1256 umida
1085 1233 1231 1265 cursuS,

158 1278 201 1311 et
218 1286 282 1310 me
303 1285 439 1310 saevus
458 1276 569 1322 equis
589 1273 733 1310 Oriens
750 1273 909 1310 adflavit
927 1273 1118 1310 anhelis.''

159 1326 315 1364 dixerat
334 1332 376 1363 et
395 1329 526 1364 tenuis
546 1326 650 1375 fugit
669 1340 741 1363 ceu
763 1326 892 1363 fumus
912 1329 953 1362 in
972 1339 1096 1364 auras.
1258 1328 1333 1364 740

159 1382 331 1425 Aeneas,
352 1384 375 1400 “
391 1393 468 1429 quo
489 1380 636 1417 deinde
656 1380 763 1416 ruis?
819 1393 896 1429 quo
915 1383 1081 1429 proripis
1096 1381 1109 1416 ?
1123 1379 1144 1392 '’
1174 1382 1314 1429 inquit,

159 1438 183 1454 “
196 1447 314 1484 quem
331 1433 458 1482 fugis?
486 1438 554 1470 aut
569 1436 656 1483 quis
670 1438 712 1470 te
725 1436 868 1470 nostris
881 1433 1149 1482 complexibus
1162 1439 1270 1470 arcet
1283 1435 1297 1469 ?
1310 1433 1331 1445 '’

159 1487 257 1524 11300
276 1500 498 1524 memorans
517 1489 693 1524 cinerem
713 1492 755 1524 et
774 1490 923 1536 sopitos
942 1489 1106 1524 suscitat
1125 1489 1242 1534 ignis,

160 1541 499 1590 Pergameumque
522 1540 662 1578 Larem
684 1545 727 1577 et
746 1553 867 1577 031130
886 1540 1107 1590 penetralia
1126 1540 1271 1577 Vestae

158 1595 261 1631 farre
281 1597 345 1643 pio
366 1599 407 1631 et
427 1593 546 1643 plena
566 1593 734 1643 supplex
754 1598 967 1630 veneratur
984 1607 1127 1631 acerra.
1259 1596 1333 1633 745

212 1647 426 1697 Extemplo
446 1650 568 1684 socios
587 1650 840 1697 primumque
859 1650 1024 1684 accersit
1044 1648 1219 1684 Acesten

159 1707 200 1738 et
222 1701 324 1738 Iovis
344 1704 555 1750 imperium
577 1706 619 1738 et
638 1703 716 1737 cari
734 1705 947 1750 praecepta
965 1703 1140 1750 parentis

159 1755 302 1792 edocet
321 1760 362 1792 et
382 1768 481 1804 quae
501 1767 606 1791 nunc
624 1757 755 1791 animo
773 1757 974 1791 sententia
993 1759 1159 1792 constet.

205 1844 251 1863 ⁷1⁹
275 1854 435 1877 accensus
451 1845 490 1877 R.
845 1842 892 1862 ⁷²⁰
915 1844 1066 1875 animum
1083 1845 1224 1876 Servius.

202 1887 250 1907 ⁷²²
272 1889 376 1920 facies
391 1888 483 1919 caelo
500 1888 540 1919 R.
850 1885 897 1905 ⁷³¹
922 1890 973 1918 est
989 1888 1087 1919 Latio
1102 1888 1141 1919 P.

202 1930 251 1950 ⁷³⁴²
274 1931 432 1962 tristesve
449 1928 520 1961 211²:
548 1931 728 1969 tristesque
745 1928 787 1961 0².
849 1928 896 1948 ΝΟ
920 1930 970 1970 111]
986 1931 1030 1962 ad
1044 1930 1094 1962 P:
1116 1931 1151 1962 in
1167 1931 1208 1962 ad
1227 1928 1275 1969 γι.

203 1973 249 1993 ⁷4⁵
274 1974 415 2006 arcessit
431 1973 469 2004 P.

161 2051 237 2089 494
