1430 2335
648 93 840 131 VIRGIL

209 168 284 204 His
304 168 421 205 dictis
444 171 651 205 incensum
668 172 844 206 animum
864 169 1125 207 inflammavit
1143 184 1275 209 amore

152 234 344 270 spemque
362 222 477 258 dedit
494 222 638 259 dubiae
658 225 786 260 menti
804 222 999 273 solvitque
1018 224 1220 273 pudorem.
1279 229 1325 262 55

152 277 346 324 principio
363 275 530 312 delubra
546 275 699 312 adeunt
715 289 934 326 pacemque
953 289 1024 326 per
1041 291 1126 314 aras

151 331 390 377 exquirunt3
419 334 597 366 mactant
613 329 737 366 lectas
755 329 807 366 de
828 343 937 367 more
957 330 1132 368 bidentis

150 381 342 430 legiferae
365 383 498 419 Cereri
519 382 759 432 Phoeboque
778 386 959 433 patrique
980 384 1126 433 Lyaeo,

152 435 295 472 lunoni
313 441 407 473 ante
427 439 567 481 omnis,
587 439 649 473 cui
669 436 797 472 vincla
817 437 963 485 iugalia
981 450 1124 485 curae3

148 491 233 537 ipsa
250 494 395 526 tenens
413 489 555 526 dextra
574 495 749 538 pateram
769 490 1035 538 pulcherrima
1055 491 1160 528 Dido
1277 490 1327 528 60

149 542 357 579 candentis
378 556 518 580 vaccae
538 544 670 580 media
688 546 795 580 inter
813 557 959 580 cornua
981 544 1116 581 fundit

147 601 217 632 aut
234 602 329 633 ante
349 609 415 632 ora
434 597 555 633 deum
575 599 734 645 pinguis
753 600 948 646 spatiatur
965 597 1015 633 ad
1035 610 1133 643 aras,

146 651 420 699 instauratque
441 650 547 686 diem
567 650 694 695 donis,
709 650 986 699 pecudumque
1006 650 1168 687 reclusis

147 708 287 751 pectoi
289 704 375 740 ibus
395 703 552 739 inhians
573 706 762 752 spirantia
781 704 952 740 consulit
971 709 1074 741 exta.

145 755 224 793 hen
245 762 377 793 vatum
399 760 558 803 i‹rnarae
579 758 759 794 mentes!
810 757 905 805 quid
924 762 1015 793 vota
1032 757 1246 803 furentem,
1275 756 1324 795 65

145 810 240 859 quid
260 787 436 847 delubra
444 813 581 846 iuvant
597 812 611 846 ?
666 815 728 846 est
746 810 875 846 mollis
894 811 1050 846 flamma
1068 811 1263 848 medullas

144 866 303 900 interea
322 869 363 900 et
382 867 550 900 tacitum
569 866 667 899 vivit
687 864 759 900 sub
780 869 943 913 pectore
962 864 1119 913 volnus]

145 920 271 954 uritur
294 917 432 953 infelix
455 916 561 953 Dido
580 922 745 966 totaque
765 922 932 966 vagatur

144 971 241 1007 urbe
262 970 409 1015 furens,
430 971 556 1020 qualis
576 973 756 1007 coniecta
776 983 891 1007 cerva
910 972 1069 1019 sagitta,

143 1037 261 1074 quam
282 1024 417 1074 procul
437 1027 638 1060 incautam
657 1036 821 1060 nemora
840 1027 946 1060 inter
966 1024 1097 1060 Cresia
1119 1024 1204 1061 fixit
1273 1025 1322 1063 70

142 1083 277 1140 pastor
295 1091 418 1127 agens
436 1077 529 1114 telis
549 1078 744 1127 liquitque
766 1076 927 1113 volatile
946 1077 1095 1113 ferrum

142 1134 324 1175 nescius;
352 1131 420 1167 illa
440 1131 534 1180 fugi
553 1131 623 1166 silx
627 1144 668 1167 as
688 1131 890 1180 saltusque
910 1143 1064 1179 peragr·
1054 1136 1095 1167 tt

143 1185 355 1222 Dictaeos·
348 1213 356 1228 ‚
387 1185 525 1221 haeret
544 1184 659 1220 lateri
678 1184 747 1221 let·
739 1184 808 1220 ilis
828 1184 1019 1220 harundo.

140 1251 246 1275 nunc
265 1238 396 1275 media
417 1239 583 1274 Aenean
602 1251 737 1274 secum
757 1250 828 1286 per
847 1239 1003 1273 moenia
1021 1236 1133 1273 ducit

141 1291 399 1341 Sidoniasque
418 1296 596 1328 ostentat
615 1304 709 1339 opes
728 1291 946 1340 urbemque
967 1295 1142 1339 paratam
1279 1294 1319 1329 (5

139 1347 280 1394 incipit
300 1346 420 1390 effari,
440 1345 650 1393 mediaque
671 1347 711 1380 in
732 1356 827 1380 voce
846 1346 1019 1387 resistit3

139 1412 245 1435 nunc
266 1399 407 1435 eadem
428 1398 587 1434 labente
608 1397 673 1434 die
693 1400 869 1433 convivia
888 1400 1056 1446 quaerit,

141 1452 358 1501 Iliacosque
377 1454 523 1488 iterum
542 1451 708 1487 demens
726 1450 862 1486 audire
881 1450 1034 1486 labores

139 1508 318 1555 exposcit
336 1504 568 1554 pendetque
587 1507 733 1540 iterum
752 1506 947 1540 narrantis
965 1503 1015 1538 ab
1035 1515 1113 1539 ore.

139 1565 227 1607 post
248 1560 313 1595 ubi
335 1559 514 1607 digressi,
534 1557 749 1607 lumenque
769 1557 932 1592 obscura
952 1558 1119 1592 vicissim
1270 1560 1318 1593 80

138 1613 231 1648 luna
250 1614 395 1661 premit
416 1611 665 1660 suadentque
686 1609 871 1647 cadentia
891 1609 1021 1646 sidera
1040 1622 1207 1654 801111108,

138 1666 220 1702 sola
239 1667 357 1702 domo
376 1669 529 1701 maeret
548 1677 670 1700 vacua
689 1666 900 1712 stratisque
918 1662 1068 1699 relictis

137 1720 310 1756 incubat.
367 1719 478 1754 illurn
499 1718 640 1754 absens
660 1717 871 1753 absentem
891 1716 1082 1765 auditque
1103 1715 1304 1764 videtque,

136 1778 205 1809 aut
225 1775 377 1822 gremio
397 1772 624 1816 Ascanium,
645 1772 836 1818 genitoris
856 1772 1028 1818 imagine
1048 1773 1177 1818 capta,

137 1826 308 1871 detinet,
329 1824 536 1861 infandum
556 1827 587 1860 si
607 1823 745 1860 fallere
767 1825 890 1872 possit
909 1834 1093 1859 amorem.
1268 1826 1315 1858 85

181 1902 209 1921 ⁵⁴¹
234 1902 425 1940 incensum]
457 1903 612 1942 impenso
643 1897 699 1937 ΡΙ,
726 1899 841 1930 known
871 1904 901 1930 to
932 1899 1087 1930 Servius:
1122 1908 1227 1939 penso
1255 1895 1311 1929 Pl.

135 1946 328 1976 flammavit
342 1943 457 1976 FP1R.
567 1965 572 1973 2

180 1988 207 2006 ⁵⁵
231 1988 414 2027 frugiferae
430 1985 514 2018 F1R.
742 1984 770 2004 ⁸⁵
794 1987 965 2016 amantem
981 1984 1017 2016 F.

138 2047 214 2080 400
