1430 2335
694 104 887 143 VIRGIL

258 183 375 220 Illum
396 182 496 219 adeo
516 181 709 232 placuisse
728 182 867 231 apibus
891 180 1086 217 mirabere
1106 191 1270 221 morem,

204 245 309 295 quod
331 256 459 293 neque
480 243 693 279 concubitu
713 242 938 291 indulgent,
961 255 1034 278 nec
1055 253 1217 290 corpora
1236 250 1377 288 segnes

203 309 244 342 in
263 305 461 342 Venerem
481 305 638 341 solvunt
656 309 726 340 aut
743 302 848 340 fetus
869 303 1024 339 nixibus
1044 302 1193 345 edunt;

204 379 340 403 verum
360 369 467 416 ipsae
488 379 509 402 e
530 365 634 402 foliis
653 370 765 401 natos
786 370 828 400 et
847 364 1027 401 suavibus
1046 362 1180 400 herbis
1301 365 1379 398 200

204 441 270 464 ore
289 427 443 477 legunt,
464 429 571 477 ipsae
590 439 725 476 regem
744 439 962 476 parvosque
986 423 1161 469 Quirites

207 488 417 533 sufficiunt,
437 488 624 537 aulasque
645 492 687 524 et
706 500 820 524 cerea
839 499 961 536 regna
979 485 1192 534 refingunt.

204 563 321 600 saepe
342 551 463 586 etiam
482 549 590 585 duris
610 548 777 585 errando
797 550 838 584 in
858 548 1009 584 cotibus
1028 546 1108 582 alas

203 614 406 656 attrivere,
425 610 608 659 ultroque
628 613 799 646 animam
818 609 890 646 sub
908 608 1013 645 fasee
1033 607 1182 644 dedere
1198 621 1207 644 τ

205 677 339 708 tantus
358 684 468 708 amor
487 671 623 707 florum
645 676 687 707 et
706 670 924 721 generandi
944 670 1067 719 gloria
1086 667 1229 704 mellis.
1303 671 1379 703 205

206 745 300 783 ergo
321 736 422 782 ipsas
442 735 616 782 quamvis
635 734 794 782 angusti
813 733 1006 768 terminus
1025 732 1111 767 aevi

206 796 377 843 excipiat
394 794 541 844 (neque
562 797 667 830 enim
688 794 775 843 plus
794 796 964 842 septima
982 791 1140 828 ducitur
1157 791 1313 839 aestas),

205 860 248 891 at
266 869 392 904 genus
412 855 632 891 immortale
653 860 801 899 manet,
820 854 1043 903 multosque
1063 865 1135 902 per
1153 864 1276 889 annos

207 921 286 952 stat
306 916 463 952 fortuna
484 916 637 961 domus,
658 921 699 952 et
717 918 779 952 avi
799 920 1056 951 numerantur
1073 926 1245 950 avorum.

206 982 413 1026 praeterea
432 990 569 1027 regem
589 990 668 1013 non
688 980 742 1013 sic
762 977 972 1026 Aegyptus
986 980 1029 1012 et
1045 978 1186 1025 ingens
1306 977 1382 1010 210

208 1038 333 1088 Lydia
354 1051 428 1075 nec
447 1038 582 1088 populi
605 1038 839 1074 Parthorum
859 1042 928 1073 aut
949 1037 1093 1073 Medus
1116 1036 1327 1085 Hydaspes

206 1099 427 1136 observant.
478 1113 571 1149 rege
593 1100 780 1135 incolumi
799 1111 910 1135 mens
930 1098 1112 1134 omnibus
1132 1110 1209 1133 una
1229 1101 1290 1133 est
1307 1107 1317 1139 ;

206 1163 349 1197 amisso
370 1173 513 1210 rupere
533 1160 667 1206 fidem,
687 1165 989 1209 constructaque
1010 1159 1128 1195 mella

208 1221 409 1271 diripuere
430 1225 537 1271 ipsae
559 1227 600 1257 et
622 1223 737 1257 cratis
757 1221 907 1257 solvere
928 1221 1114 1256 favorum.

207 1282 274 1318 ille
295 1295 458 1332 operum
480 1288 621 1325 custos,
642 1282 754 1318 illum
775 1282 1021 1317 admirantur
1041 1286 1083 1317 et
1102 1294 1238 1317 omnes
1307 1285 1380 1318 215

208 1346 463 1379 circumstant
482 1343 644 1379 fremitu
663 1342 785 1379 denso
805 1346 1034 1392 stipantque
1054 1342 1294 1391 frequentes,

209 1409 250 1440 et
270 1417 387 1453 saepe
407 1404 597 1440 attollunt
617 1406 763 1440 umeris
784 1409 825 1440 et
844 1416 1007 1452 corpora
1026 1403 1130 1439 bello

209 1465 414 1501 obiectant
434 1464 718 1514 pu]ehramque
739 1469 885 1514 petunt
904 1477 975 1514 per
994 1465 1155 1501 volnera
1174 1469 1354 1501 mortem.

266 1525 341 1562 His
362 1526 523 1576 quidam
544 1528 665 1574 signis
684 1530 803 1576 atque
824 1525 920 1561 haee
941 1525 1123 1574 exempla
1141 1527 1266 1562 secuti

210 1603 294 1626 esse
313 1590 453 1640 apibus
472 1594 628 1639 partem
648 1589 804 1625 divinae
825 1591 969 1625 mentis
989 1593 1030 1625 et
1049 1588 1211 1626 haustus
1309 1593 1384 1626 220

209 1654 406 1690 aetherios
427 1653 563 1690 dixere
580 1665 589 1696 ;
618 1653 739 1690 deum
759 1665 929 1702 namque
950 1655 1006 1689 ire
1028 1665 1099 1702 per
1117 1655 1260 1697 omnia,

210 1721 413 1766 terrasque
434 1722 661 1767 tractusque
679 1719 798 1753 maris
820 1716 1050 1766 caelumque
1071 1716 1311 1766 profundum
1329 1729 1338 1760 ;

209 1779 302 1816 hinc
322 1781 511 1829 pecudes,
531 1785 724 1825 armenta,
745 1782 858 1824 viros,
879 1793 1005 1830 genus
1024 1792 1140 1816 omne
1161 1780 1344 1825 ferarum,

252 1886 296 1906 ²⁰⁰
319 1897 337 1918 e
352 1887 485 1919 omitted
500 1888 539 1919 P.
567 1889 616 1928 et]
632 1888 690 1919 sed
706 1888 746 1919 R.
844 1886 887 1905 ²⁰²
911 1887 1060 1925 refigunt
1074 1887 1135 1919 M.-
1156 1888 1327 1927 relingunt
1342 1889 1382 1920 P.

253 1929 297 1948 ²¹1
320 1931 394 1970 aut]
410 1935 443 1960 et
460 1930 526 1960 Ml.
845 1930 886 1949 '³1⁷
911 1934 1048 1970 pectora
1064 1930 1104 1960 P.

253 1972 295 1990 2²¹
320 1976 432 2004 omnis
448 1973 544 2003 MSS.
556 1986 565 2004 .·
582 1974 696 2005 omnia
712 1973 913 2013 Peerlkamp.
1073 1971 1116 1991 ²²²
1141 1976 1303 2004 terrarum
1317 1971 1382 2005 Μ2.

211 2042 288 2074 210
