1430 2335
666 73 862 111 VIRGIL

173 153 198 171 “
212 148 346 186 nullae
366 148 430 186 hic
449 148 616 186 insidiae
635 149 737 186 tales
756 149 921 201 (absiste
941 148 1118 201 moveri),

173 222 248 244 nec
268 211 345 244 vim
366 207 447 244 tela
466 207 628 252 ferunt3
660 207 756 245 licet
774 211 917 257 ingens
936 211 1080 246 ianitor
1098 214 1213 246 antro
1279 214 1354 247 400

171 273 379 304 aeternum
397 267 545 304 latrans
564 270 774 317 exsanguis
792 273 943 305 terreat
962 269 1118 305 umbras
1133 280 1143 314 ;

172 332 281 362 casta
298 327 394 363 licet
414 329 545 376 patrui
565 332 696 363 servet
716 327 951 376 Proserpina
970 327 1103 365 limen.

173 386 311 422 Troius
331 385 502 431 Aeneas,
522 388 676 434 pietate
696 388 863 435 insignis
883 392 925 423 et
943 390 1075 432 armis,

171 444 222 481 ad
242 447 465 493 genitorem
485 447 581 480 imas
602 444 721 481 Erebi
742 445 952 482 descendit
971 445 1021 482 ad
1041 447 1210 484 umbras.

172 506 203 539 si
223 508 264 540 te
284 503 393 540 nulla
410 508 546 540 movet
564 508 702 540 tantae
723 506 885 553 pietatis
904 507 1050 553 imago,
1278 510 1353 543 405

171 568 213 599 at
233 576 384 599 ramum
404 562 511 599 hunc
527 562 549 574 '’
571 561 717 613 (aperit
736 576 900 608 ramum,
921 566 988 613 qui
1009 569 1118 600 veste
1137 563 1308 615 latebat)

172 626 196 642 “
210 620 466 671 adgnoscas.”
516 621 669 658 tumida
689 634 738 658 ex
757 624 813 658 ira
834 627 918 658 tum
940 622 1059 658 corda
1078 623 1269 660 residunt.

171 693 246 717 nec
267 680 378 730 plura
397 680 468 717 his.
525 680 593 716 ille
612 680 812 717 admirans
832 681 1059 718 venerabile
1079 681 1227 718 donum

108 756 116 764 ·
171 739 302 777 fatalis
321 741 469 788 virgae,
483 738 604 787 longo
623 744 714 788 post
732 745 914 789 tempore
935 743 1073 786 visum,

171 798 392 835 caeruleam
412 797 587 834 advertit
607 801 773 848 puppim
794 802 980 849 ripaeque
1000 803 1250 849 propinquat.
1279 804 1355 836 410

170 857 264 893 inde
284 857 378 893 alias
397 859 560 902 animas,
581 869 681 906 quae
702 870 773 906 per
792 860 884 907 iuga
902 858 1021 907 longa
1042 858 1250 904 sedebant,

171 916 361 952 deturbat
380 916 565 965 laxatque
585 915 689 952 foros
707 929 715 960 ;
745 917 860 953 simul
880 919 1026 966 accipit
1044 917 1157 954 alveo

170 979 379 1024 ingentem
399 974 592 1011 Aeneam.
650 978 806 1023 gemuit
825 976 897 1012 sub
917 976 1094 1024 pondere
1114 977 1255 1012 cumba

171 1032 299 1069 sutilis
319 1037 361 1069 et
381 1032 547 1069 multam
566 1035 723 1082 accepit
741 1035 883 1069 rimosa
903 1033 1101 1082 paludem.

171 1089 336 1126 tandem
357 1094 464 1125 trans
484 1088 644 1126 fluvium
663 1089 871 1127 incolumis
892 1096 1103 1140 vatemque
1123 1093 1328 1141 virumque

170 1146 329 1182 informi
348 1146 443 1182 limo
463 1146 681 1197 glaucaque
701 1149 866 1196 exponit
884 1149 924 1183 in
944 1148 1043 1184 ulva.
1278 1147 1354 1185 416

225 1203 419 1240 Cerberus
439 1203 537 1239 haee
557 1206 698 1253 ingens
717 1203 862 1240 latratu
884 1218 1008 1254 regna
1026 1205 1183 1242 trifauci

170 1266 368 1310 personat,
388 1260 554 1297 adverso
572 1261 766 1298 recubans
785 1264 967 1298 immanis
985 1265 1025 1298 in
1045 1268 1171 1301 antro.

170 1320 233 1354 cui
253 1323 375 1362 vates,
396 1317 557 1354 horrere
577 1317 716 1354 videns
735 1321 812 1355 iam
832 1319 933 1355 colla
951 1320 1134 1366 colubris,

169 1375 290 1412 melle
310 1380 533 1424 soporatam
554 1380 596 1412 et
615 1375 821 1413 medicatis
841 1376 1020 1426 frugibus
1039 1377 1155 1415 offam
1278 1382 1354 1415 420

170 1433 304 1469 obicit.
363 1432 430 1468 ille
451 1431 555 1468 fame
576 1433 712 1469 rabida
733 1435 807 1470 tria
826 1439 990 1482 guttura
1009 1435 1188 1484 pandens

170 1493 333 1540 corripit
351 1491 561 1535 obiectam,
582 1495 702 1540 atque
722 1494 908 1528 immania
927 1497 1041 1541 terga
1058 1494 1221 1530 resolvit

170 1548 279 1585 fusus
298 1547 408 1584 humi
428 1553 594 1597 totoque
614 1550 756 1597 iugens
776 1549 1008 1586 extenditur
1026 1555 1152 1589 antro,

169 1610 338 1654 occupat
357 1606 516 1642 Aeneas
535 1605 689 1642 aditum
710 1607 876 1643 custode
896 1607 1052 1656 sepulto
1273 1621 1353 1646 Mpn

170 1662 384 1712 evaditque
405 1662 513 1699 celer
532 1665 657 1712 ripam
678 1664 944 1701 inremeabilis
965 1665 1106 1704 undae.
1276 1671 1352 1704 4⁶25

224 1720 422 1756 Continuo
441 1720 601 1758 auditae
621 1734 735 1758 voces
757 1724 911 1771 vagitus
931 1727 973 1759 et
991 1725 1134 1772 ingens

168 1778 449 1827 infantumque
469 1780 624 1815 animae
645 1778 802 1825 flentes,
820 1782 861 1816 in
881 1779 1016 1816 limine
1036 1784 1164 1829 primo

170 1849 266 1886 quos
287 1835 411 1871 dulcis
432 1838 536 1872 vitae
557 1839 724 1872 exsortis
745 1841 787 1873 et
805 1837 854 1872 ab
875 1838 996 1874 ubere
1016 1843 1149 1887 raptos

560 1893 562 1896 '
643 1903 689 1921 ³2⁸
715 1906 784 1935 vita
801 1904 856 1935 ΡΞ.

172 1952 247 1985 534
