1430 2335
663 36 852 74 VIRGIL

739 139 779 176 ΙΙ

173 212 387 249 Formosum
408 215 540 260 pastor
559 209 740 260 Corydon
759 210 924 247 ardebat
942 211 1114 256 Alexim,

172 277 331 312 delicias
351 275 511 320 domini,
530 287 616 320 nec,
638 275 732 324 quid
752 279 942 323 speraret,
961 274 1144 312 habebat.

171 345 327 377 tantum
346 342 450 376 inter
468 339 621 384 densas,
642 339 825 375 umbrosa
843 341 1059 385 cacumina,
1077 339 1187 388 fagos

171 404 334 441 adsidue
354 404 550 440 veniebat.
607 403 663 439 ibi
682 403 780 439 haec
800 402 1003 439 incondita
1021 403 1124 440 solus

171 469 370 505 montibus
390 473 432 504 et
451 467 556 504 silvis
576 467 706 504 studio
726 467 900 503 iactabat
918 469 1039 504 inani.

224 537 248 553 “
265 532 300 569 O
321 531 491 568 crudelis
511 531 638 578 Alexi,
660 531 761 567 nihil
779 544 868 568 mea
887 533 1060 567 carmina
1079 544 1189 568 curas
1205 531 1219 567 ?

172 596 228 632 nil
244 599 369 633 nostri
387 597 603 632 miserere?
631 597 731 631 mori
751 608 815 632 me
835 594 1007 644 denique
1027 608 1156 644 coges.

171 673 277 696 nunc
297 662 416 696 etiam
436 659 609 708 pecudes
628 660 785 696 umbras
805 664 847 696 et
866 658 1011 708 frigora
1029 664 1204 708 captant,

172 738 277 760 nunc
296 724 429 761 viridis
450 726 570 760 etiam
588 724 790 760 occultant
809 725 965 773 spineta
982 723 1163 770 lacertos,

173 789 373 838 Thestylis
393 793 435 825 et
454 788 590 837 rapido
609 788 723 825 fessis
740 788 977 825 messoribus
996 793 1109 825 aestu

171 853 248 889 alia
268 853 562 902 sei-pullumque
583 852 723 889 herbas
744 852 958 889 contundit
976 851 1131 890 olentis.

173 923 214 954 at
233 930 389 953 mecum
409 919 546 962 raucis,
567 921 635 953 tua
655 916 749 953 dum
769 918 935 966 vestigia
953 916 1092 963 lustro,

173 982 254 1018 sole
275 982 346 1018 sub
366 980 522 1018 ardenti
543 986 729 1017 resonant
747 981 907 1017 arbusta
926 980 1082 1019 cicadis.

173 1059 306 1082 noune
326 1045 402 1082 fuit
422 1048 555 1090 satius,
575 1048 699 1082 tristis
719 1045 975 1095 Amaryllidis
995 1048 1070 1082 iras

173 1116 292 1159 atque
312 1110 480 1159 superba
499 1112 581 1159 pati
600 1109 787 1146 fastidia?
815 1123 947 1146 11011116
969 1109 1192 1155 Menalcan,

175 1177 350 1224 quamvis
369 1174 435 1211 ille
455 1176 581 1223 niger,
602 1177 777 1223 quamvis
796 1179 841 1211 tu
861 1173 1052 1211 candidus
1072 1187 1175 1211 esses
1193 1176 1207 1210 ?

175 1252 198 1275 o
218 1239 386 1275 formose
405 1251 516 1287 puer,
536 1240 703 1274 nimium
723 1250 773 1275 ne
794 1238 911 1275 crede
932 1238 1051 1275 colori
1068 1251 1078 1275 ι

176 1303 264 1339 alba
282 1302 447 1352 ligustra
466 1302 626 1349 cadunt,
646 1305 819 1339 vaccinia
838 1305 950 1352 nigra
968 1302 1167 1352 leguntur.

177 1368 387 1416 despectus
406 1367 480 1403 tibi
500 1380 585 1403 sum
606 1380 692 1413 nec,
712 1370 778 1417 qui
799 1370 884 1413 sim,
904 1369 1072 1417 quaeris,
1093 1368 1221 1413 Alexi,

177 1445 293 1481 quam
313 1432 423 1468 dives
442 1435 607 1481 pecoris,
625 1434 731 1468 nivei
751 1445 868 1481 quam
886 1431 999 1468 lactis
1016 1432 1221 1469 abundans
1238 1446 1247 1470 :

177 1496 285 1532 mille
305 1508 416 1532 meae
437 1495 577 1532 Siculis
598 1501 732 1532 errant
750 1499 791 1532 in
811 1497 1014 1532 montibus
1032 1508 1157 1545 agnae
1175 1509 1184 1540 ;

177 1557 237 1593 lac
257 1557 350 1592 mihi
372 1570 449 1593 non
470 1562 620 1593 aestate
640 1570 799 1603 novum,
820 1571 900 1594 non
918 1557 1064 1606 frigore
1083 1557 1192 1594 defit.

178 1624 306 1662 canto,
327 1632 426 1667 quae
448 1619 598 1664 solitus,
618 1622 648 1655 si
669 1619 827 1668 quando
846 1624 1027 1656 armenta
1045 1619 1222 1666 vocabat,

179 1679 380 1729 Amphion
402 1680 591 1716 Dircaeus
611 1683 652 1715 in
675 1681 826 1717 Actaeo
846 1680 1089 1730 AracynthO.

178 1754 254 1777 nec
273 1753 358 1776 sum
376 1740 476 1776 adeo
495 1741 673 1777 informis
690 1756 697 1778 ε
729 1754 855 1791 nuper
875 1754 937 1778 me
958 1744 999 1778 in
1014 1741 1136 1778 litore
1156 1741 1249 1788 vidi,

1298 223 1345 247 PR

1303 793 1349 824 10

1306 1114 1350 1146 15

1303 1436 1353 1468 20

1306 1747 1354 1779 25

179 1815 267 1837 cum
288 1801 486 1850 placidum
504 1804 633 1838 ventis
653 1808 777 1838 staret
797 1816 927 1847 mare;
958 1816 1037 1839 non
1057 1816 1130 1853 ego
1155 1803 1356 1853 Daphnim

180 1863 308 1898 iudice
329 1868 369 1899 te
390 1868 577 1908 metuam,
599 1866 627 1899 si
650 1877 863 1913 numquam
886 1864 987 1901 fallit
1006 1867 1146 1915 imago.

269 1926 280 1944 ⁷
305 1927 397 1965 cogis
413 1927 452 1958 Ρ.
492 1938 495 1939 ’
654 1925 683 1944 ¹²
708 1938 745 1959 ac
764 1927 804 1959 R.
1013 1927 1042 1946 ²⁷
1066 1929 1165 1960 fallat
1181 1928 1268 1960 P2R.

185 1986 230 2017 10
