1430 2335
686 93 877 131 VIRGIL

191 190 288 227 quos
307 187 424 224 super
443 178 528 209 atra
547 172 645 209 silex
666 174 743 208 iam
763 174 839 209 iam
859 172 1015 222 lapsura
1035 175 1273 226 cadentique

191 240 374 275 imminet
391 235 581 273 adsimilis
597 235 612 271 ?
667 234 804 270 lucent
825 234 1046 283 genialibus
1065 237 1155 274 altis

190 314 308 338 aurea
327 298 452 336 fulcra
471 299 580 342 toris,
601 296 822 345 epulaeque
843 301 937 333 ante
957 310 1023 334 ora
1041 304 1202 347 paratae

190 363 349 413 regifico
369 362 488 404 luxu3
517 359 720 395 Furiarum
740 361 909 395 maxima
929 361 1040 396 iuxta
1294 365 1367 402 605

189 426 356 463 accubat
376 428 417 460 et
436 421 617 459 manibus
636 420 823 470 prohibet
842 424 1075 471 contingere
1094 436 1263 472 mensas,

171 489 447 536 „exsurgitque
468 483 596 520 facem
614 481 804 519 attollens
824 487 944 532 atque
964 486 1121 522 intonat
1141 499 1218 524 ore.

189 551 253 587 hic
272 549 414 600 quibus
434 547 548 583 invisi
568 544 721 589 fratres,
741 544 836 581 dum
857 548 937 582 vita
957 547 1157 594 manebat,

190 613 418 663 pulsatusve
440 621 596 658 parens,
616 612 658 643 et
679 607 784 643 fraus
803 609 948 644 innexa
968 608 1119 655 clienti,

189 681 258 713 aut
273 676 340 725 qui
360 672 508 709 divitiis
530 669 600 706 soli
621 669 838 706 incubuere
859 673 1028 719 repertis
1294 675 1369 712 610

189 751 263 774 nee
283 740 436 786 partem
457 745 623 782 posuere
645 734 724 768 suis
745 730 862 782 (quae
882 735 1052 769 maxima
1072 735 1187 771 turba
1213 734 1304 787 est),

189 802 335 851 quique
356 798 406 834 ob
426 794 667 832 adulterium
688 796 803 839 caesi,
825 797 971 845 quique
991 809 1098 832 arma
1118 800 1245 835 secuti

188 864 309 911 impia
329 873 403 896 nec
419 859 534 894 veriti
554 856 804 893 dominorum
826 856 963 894 fallere
984 857 1157 905 dextras,

189 924 329 961 inclusi
349 933 517 971 poenam
538 923 784 968 exspectant.
816 932 866 955 ne
888 932 1033 968 quaere
1053 920 1199 968 doceri,

189 999 306 1036 quam
327 995 510 1034 poenam,
523 986 592 1018 aut
611 993 713 1030 quae
733 981 858 1017 forma
874 983 973 1018 viros
993 981 1202 1021 fortunave
1218 987 1364 1022 mersit.

189 1061 324 1086 saxum
345 1049 487 1094 ingens
507 1043 673 1079 volvunt
692 1042 772 1085 alii,
792 1042 990 1092 radiisque
1009 1050 1184 1082 rotarum
1293 1048 1369 1085 616

172 1110 358 1147 ffdistricti
379 1105 584 1156 pendent3
610 1104 725 1141 sedet
745 1109 1034 1155 aeternumque
1055 1107 1211 1145 sedebit

165 1171 327 1214 „infelix
347 1169 549 1211 Theseus3
582 1166 856 1216 Phlegyasque
877 1170 1117 1206 miserrimus
1138 1173 1264 1208 omnis

189 1236 379 1273 admonet
399 1237 441 1270 et
461 1243 605 1279 magna
624 1235 797 1266 testatur
817 1243 911 1267 voce
931 1244 1003 1281 per
1024 1233 1180 1269 umbras
1201 1247 1208 1270 :

191 1304 201 1320 ‘
217 1298 357 1335 discite
377 1296 570 1332 iustitiam
589 1295 730 1329 moniti
751 1297 793 1329 et
812 1305 892 1329 non
915 1298 1094 1332 temnere
1116 1295 1252 1333 divos.’
1294 1297 1369 1335 620

189 1357 371 1396 vendidit
385 1356 450 1393 hic
471 1368 564 1392 auro
584 1357 753 1404 patriam
775 1353 1059 1405 dominumque
1079 1361 1289 1405 potentem

189 1422 401 1471 imposuit3
430 1418 516 1454 fixit
536 1417 646 1465 leges
667 1419 796 1466 pretio
817 1421 938 1466 atque
959 1417 1112 1462 refixit3

188 1484 253 1520 hic
272 1481 491 1520 thalamum
511 1481 655 1515 invasit
674 1483 791 1514 natae
812 1481 1037 1529 vetitosque
1057 1479 1298 1529 hymenaeos

189 1547 273 1582 ausi
292 1556 429 1581 omnes
448 1544 621 1578 immane
642 1539 754 1576 nefas
776 1553 949 1590 ausoque
968 1544 1097 1590 potiti.

189 1620 270 1644 non
289 1605 386 1643 mihi
405 1606 437 1641 si
456 1603 617 1653 linguae
636 1607 800 1639 centum
820 1605 901 1639 sint
920 1615 1066 1652 oraque
1086 1609 1262 1651 centum,
1295 1605 1368 1643 625

189 1669 318 1706 ferrea
337 1680 425 1712 vox,
443 1667 570 1702 omnis
589 1663 784 1702 scelerum
803 1664 1089 1713 comprendere
1109 1665 1265 1712 formas,

189 1733 321 1768 omnia
340 1740 558 1778 poenarum
577 1738 807 1776 percurrere
827 1729 988 1762 nomina
1007 1727 1192 1776 possim.’'

157 1778 186 1787 ἃ
245 1792 358 1828 Haec
378 1791 445 1827 ubi
465 1789 574 1826 dicta
592 1787 706 1825 dedit
729 1787 877 1824 Phoebi
896 1787 1089 1837 longaeva
1108 1789 1301 1836 sacerdos,

191 1853 292 1891 “sed
308 1855 385 1888 iam
398 1865 486 1901 age,
499 1863 615 1900 carpe
631 1853 732 1886 viam
746 1854 788 1886 et
801 1855 1029 1899 susceptum
1044 1851 1190 1900 perfice
1205 1864 1368 1896 munus3

277 1921 319 1940 ⁶⁰2
343 1920 436 1962 quod
453 1920 482 1951 F
485 1920 515 1952 ¹:
539 1930 608 1961 quo
625 1919 664 1951 R.
716 1929 795 1961 -que
811 1920 943 1951 omitted
959 1919 1023 1959 Ry.

275 1966 321 1984 ⁶⁰⁴
346 1970 511 2005 paternae
527 1963 568 1995 R.
978 1963 1022 1982 ⁶⁰⁷
1047 1963 1204 2004 increpat
1220 1963 1259 1997 P.

277 2008 323 2027 ⁶⁰⁹
347 2009 398 2047 et]
413 2010 476 2038 aut
492 2017 516 2046 c,
536 2007 679 2044 Nonius,
700 2006 844 2037 Servius.
981 2005 1026 2026 ⁶2⁹
1049 2010 1085 2038 et
1102 2006 1168 2037 iam
1186 2006 1237 2039 M.

191 2067 265 2107 548
