1430 2335
647 79 838 115 VIRGIL

156 159 335 195 dulcibus
354 158 420 193 illa
439 157 600 206 quidem
619 157 840 203 inlecebris,
860 162 902 194 et
921 170 1038 206 saepe
1058 159 1246 207 superbos

156 213 336 248 cornibus
356 213 461 248 inter
480 223 521 247 se
541 211 689 259 subigit
707 210 922 248 decernere
941 214 1121 251 amantis.

157 268 327 313 pascitur
346 267 386 300 in
405 277 548 313 magna
569 263 649 300 Sila
667 262 836 300 formosa
855 266 1020 301 iuvenca
1036 278 1043 301 ε

156 319 212 354 illi
232 318 476 354 alternantes
495 317 620 353 multa
640 319 675 353 vi
697 317 844 366 proelia
861 320 1031 354 miscent
1251 320 1326 358 220

155 372 379 408 volneribus
398 371 555 416 crebris,
576 370 671 407 lavit
690 375 776 407 ater
795 384 955 419 corpora
975 374 1145 420 sanguis,
1246 385 1325 409 ΜΡΡ.

156 437 343 474 versaque
359 427 399 460 in
419 425 582 461 obnixos
602 429 795 472 urgentur
815 437 959 461 cornua
979 430 1088 461 vasto

155 491 243 515 cum
264 480 415 527 gemitu
432 490 441 521 ;
468 478 635 514 reboant
654 477 852 527 silvaeque
873 483 914 515 et
934 478 1074 527 longus
1095 478 1299 529 OlympuS.

155 545 228 568 nec
249 545 332 568 mos
351 531 536 568 bellantis
556 544 632 567 una
652 530 863 576 stabulare,
883 531 953 568 sed
972 531 1072 568 alter

156 588 280 622 victus
299 585 381 622 abit
401 585 598 634 longeque
618 586 764 633 ignotis
784 584 937 621 exsulat
956 587 1046 630 oris,
1253 586 1324 624 225

154 639 278 675 multa
297 651 461 687 gemens
481 640 736 686 ignominiam
756 637 970 687 plagasque
989 638 1149 687 superbi

155 694 325 737 victoris,
345 697 430 728 tum
450 704 546 740 quos
567 693 697 727 amisit
716 691 865 727 inultus
885 704 1049 736 amores,

155 751 196 782 et
216 745 369 782 stabula
389 750 597 794 aspectans
616 746 748 793 regnis
769 747 937 782 excessit
956 748 1080 782 avitis.

155 812 248 847 ergo
263 801 369 835 omni
389 811 479 834 cura
500 801 589 834 viris
610 803 770 834 exercet
791 803 832 834 et
851 800 956 834 inter

154 853 250 889 dura
269 855 372 889 iacet
391 865 539 901 pernox
559 854 725 888 instrato
745 865 835 888 saxa
850 851 979 896 cubili,
1250 854 1325 892 230

153 906 358 942 frondibus
377 905 537 942 hirsutis
557 910 598 941 et
618 907 743 941 carice
763 910 896 958 pastus
915 910 1042 951 acuta,

154 965 195 996 et
214 964 387 1008 temptat
406 971 491 995 sese
511 963 630 1008 atque
650 961 761 994 irasci
781 961 821 994 in
842 971 986 995 cornua
1005 959 1122 997 discit

153 1014 299 1049 ··11b0ris
318 1013 484 1049 obnixus
504 1017 657 1057 trunco,
677 1017 895 1061 ventosque
913 1012 1071 1049 lacessit

154 1067 309 1112 ictibus,
329 1071 371 1103 et
389 1079 520 1115 sparsa
538 1066 587 1102 ad
608 1078 781 1114 pugnam
801 1065 976 1114 proludit
996 1065 1151 1103 harena.

154 1125 242 1169 post
261 1121 327 1156 ubi
349 1119 559 1156 collectum
579 1119 698 1155 robur
716 1121 896 1168 viresque
916 1118 1102 1165 refectae,
1251 1121 1323 1160 235

153 1176 264 1222 signa
284 1178 416 1209 movet
436 1185 703 1221 praecepsque
723 1172 891 1209 oblitum
910 1172 1036 1209 fertur
1056 1176 1096 1209 in
1116 1173 1271 1211 hostem
1290 1188 1298 1211 :

153 1227 293 1263 fluctus
314 1229 371 1263 uti
391 1226 521 1262 medio
541 1229 673 1274 coepit
692 1239 781 1262 cum
800 1225 1000 1263 albescere
1020 1233 1156 1275 ponto,

153 1281 308 1329 longius
330 1293 377 1316 ex
397 1280 556 1329 altoque
577 1282 705 1316 sinum
724 1279 861 1324 trahit,
881 1284 1005 1329 utque
1026 1280 1180 1317 volutus

153 1334 201 1370 ad
222 1339 345 1371 terras
365 1336 535 1369 immane
556 1338 668 1369 sonat
688 1345 759 1381 per
778 1346 881 1377 saxa,
902 1346 1032 1382 neque
1052 1337 1136 1383 ipso

152 1392 288 1424 monte
308 1389 434 1423 minor
453 1387 701 1435 procumbit;
730 1391 771 1422 at
791 1389 866 1422 ima
887 1392 1094 1424 exaestuat
1114 1388 1219 1424 unda
1249 1389 1324 1427 240

154 1442 364 1477 verticibus
384 1443 615 1489 nigramque
636 1439 716 1476 alte
736 1440 932 1476 subiectat
952 1439 1149 1478 harenam.

207 1495 336 1531 Omne
354 1493 453 1530 adeo
472 1506 598 1542 genus
618 1496 658 1529 in
678 1496 793 1529 terris
822 1493 1104 1544 hominumque
1135 1494 1323 1532 ferarum-

287 1560 348 1592 ue,

153 1607 194 1638 et
213 1561 339 1650 geciius
354 1613 604 1650 aequoreum,
625 1600 798 1649 pecudes
819 1603 1028 1650 pictaeque
1050 1601 1239 1649 volucres,

195 1675 238 1694 ²¹⁹
262 1675 348 1705 silva
366 1673 505 1706 AMlP
505 1685 510 1691 ·
534 1675 603 1705 both
625 1675 743 1705 known
759 1678 787 1706 to
804 1676 949 1707 Servius.

196 1717 223 1736 22
226 1717 238 1736 1
262 1718 357 1748 lavat
374 1717 440 1750 Μ2.

196 1760 223 1779 22
227 1760 239 1779 3
261 1764 424 1791 resonant
440 1759 492 1792 M.
509 1760 630 1802 longus
646 1761 851 1792 Macrobius:
870 1760 1004 1802 longius
1016 1760 1077 1793 M:
1098 1772 1240 1804 magnus
1251 1762 1322 1794 PR.

196 1802 239 1822 230
262 1814 391 1844 pernox
420 1804 578 1834 Sdzoliast
603 1814 644 1834 on
670 1804 826 1841 chzenal,
853 1813 934 1835 V111.
962 1805 1021 1836 10:
1061 1806 1180 1846 pernix
1205 1805 1322 1844 MSS,

153 1848 297 1884 Servius,
316 1847 383 1876 and
400 1846 539 1883 N.'‚0nzz(3
558 1847 724 1886 pvefcwed
739 1848 778 1886 by
794 1828 990 1886 P’lzilarqyr'
980 1858 1040 1878 ms.

196 1889 238 1908 2³⁵
260 1889 353 1930 post]
369 1894 423 1919 ast
439 1888 490 1920 M.
537 1892 694 1929 ieceptae
711 1889 751 1921 R.
911 1889 954 1908 220
976 1889 1124 1921 oblicum
1142 1890 1193 1923 M.

196 1931 238 1950 237
262 1935 302 1963 ut
317 1931 353 1962 in
370 1931 420 1962 M.
469 1931 594 1971 medio]
612 1933 722 1973 primo
740 1932 807 1965 Μ2.

196 1973 239 1993 2⁴¹²
263 1974 444 2005 subvectat
461 1974 544 2006 MR.

155 2035 225 2072 170
