1430 2335
711 79 903 131 VIRGIL

219 172 396 213 incessit,
417 181 560 218 magna
578 170 766 205 iuvenum
786 172 961 219 stipante
982 174 1150 206 caterva.

219 224 345 273 qualis
365 225 404 258 in
427 222 599 259 Eurotae
618 224 712 271 ripis
732 228 800 258 aut
821 236 891 271 per
908 225 1001 272 iuga
1021 223 1167 272 Cynthi

220 281 381 313 exercet
403 276 528 312 Diana
546 275 696 320 choros,
717 289 833 325 quam
848 276 955 313 mille
975 281 1134 313 secutae

220 330 312 366 hinc
344 335 464 379 atque
494 329 587 366 hinc
615 329 886 378 glomerantur
914 330 1117 374 Oreades;
1163 331 1229 366 illa
1258 331 1398 381 phare-

324 388 426 419 tram
1323 390 1398 422 500

221 436 301 473 fert
320 449 455 473 umero
476 436 739 486 gradiensque
760 436 853 473 deas
874 440 1142 485 supereminet
1162 441 1287 475 omnis
1304 451 1312 482 ;

222 489 399 527 Latonae
419 493 584 527 tacitum
604 495 877 538 pertemptant
897 491 1039 539 gaudia
1058 496 1197 540 pectus
1214 504 1222 528 ε

224 543 313 581 talis
334 549 419 581 erat
440 543 558 588 Dido,
578 543 701 580 talem
721 556 762 580 se
782 543 886 580 laeta
904 543 1060 580 ferebat

222 610 292 647 per
311 598 476 642 medios,
494 600 645 633 instans
665 599 775 646 operi
793 599 1005 647 regnisque
1024 597 1177 635 futuris.

221 656 307 688 tum
328 650 475 688 foribus
495 650 621 694 divae,
641 650 771 687 media
788 650 992 688 testudine
1010 651 1164 700 templi,
1325 657 1398 690 505

222 710 359 754 saepta
377 707 493 741 armis
513 704 688 753 solioque
708 704 788 741 alte
808 705 974 741 subnixa
991 705 1150 742 resedit.

221 761 305 795 iura
324 758 443 795 dabat
465 758 652 807 legesque
672 760 775 803 viris,
794 771 1037 808 operumque
1055 759 1230 795 laborem

222 813 401 861 partibus
419 812 615 861 aequabat
633 814 744 848 iustis
763 817 831 848 aut
851 817 956 848 sorte
975 812 1161 849 trahebat
1180 824 1188 852 ς

222 879 312 902 curn
333 867 463 902 subito
484 866 641 901 Aeneas
661 878 850 901 concursu
870 865 1058 902 accedere
1079 878 1223 914 magno

223 919 383 955 Anthea
404 919 713 968 Sergestumque
733 919 843 955 videt
861 918 1085 969 fortemque
1105 919 1343 956 Cloanthum

222 972 541 1022 Teucrorumque
561 972 668 1017 alios,
688 977 774 1008 ater
794 985 890 1021 quos
909 985 1077 1022 aequore
1099 974 1215 1010 turbo
1324 977 1394 1010 511

224 1026 444 1075 dispulerat
465 1028 702 1075 penitusque
722 1026 816 1062 alias
835 1032 1020 1063 avexerat
1040 1040 1136 1063 oras.

222 1081 416 1129 obstipuit
435 1079 549 1116 simul
568 1082 666 1128 ipse,
686 1080 799 1116 simul
822 1093 1026 1128 percussus
1046 1080 1222 1116 Achates

222 1133 454 1182 laetitiaque
474 1139 686 1183 metuque;
716 1133 820 1169 avidi
839 1136 1081 1183 coniungere
1101 1134 1260 1171 dextras

222 1187 432 1232 ardebant,
454 1187 523 1223 sed
542 1200 604 1223 res
623 1189 773 1223 animos
792 1189 996 1236 incognita
1014 1188 1158 1224 turbat.
1325 1192 1398 1225 515

223 1240 474 1277 dissimulant
494 1245 536 1277 et
555 1240 660 1276 nube
682 1254 774 1276 cava
794 1241 1050 1289 speculantur
1068 1243 1215 1286 amicti,

222 1307 322 1343 quae
342 1294 499 1330 fortuna
518 1296 622 1339 viris,
641 1294 804 1330 classem
817 1307 894 1343 quo
913 1294 1027 1331 litore
1047 1294 1242 1344 linquant,

222 1348 316 1397 quid
336 1351 498 1384 veniant
515 1360 524 1391 ;
553 1350 705 1384 cunctis
724 1361 816 1384 nam
835 1348 930 1384 lecti
948 1349 1112 1384 navibus
1132 1350 1245 1384 ibant

221 1407 381 1438 orantes
401 1404 556 1438 veniam
576 1407 619 1437 et
639 1400 833 1450 templum
853 1401 1023 1438 clamore
1043 1402 1246 1451 petebant.

277 1455 489 1505 Postquam
501 1457 731 1504 introgressi
752 1460 793 1491 et
806 1468 935 1491 coram
952 1455 1045 1492 data
1060 1459 1169 1504 copia
1185 1455 1306 1501 fandi,
1324 1460 1398 1492 5⁶20

220 1512 413 1544 maximus
436 1509 609 1545 Ilioneus
629 1508 784 1557 placido
805 1511 858 1545 sic
878 1514 1038 1557 pectore
1059 1511 1214 1558 coepit:

220 1566 244 1582 “
261 1576 283 1598 o
303 1565 451 1611 regina,
472 1575 613 1598 novam
633 1564 695 1598 cui
717 1562 887 1599 condere
909 1562 1090 1611 Iuppiter
1112 1563 1249 1599 urbem
1320 1575 1398 1599 Mra

219 1618 447 1666 iustitiaque
469 1616 581 1652 dedit
601 1618 733 1664 gentis
753 1615 908 1652 frenare
928 1616 1127 1665 superbas,

220 1669 341 1706 Troes
362 1675 402 1706 te
422 1672 567 1714 miseri,
588 1672 717 1705 ventis
738 1672 858 1705 maria
877 1673 1008 1705 omnia
1028 1672 1144 1714 vecti,

219 1735 373 1760 oramus
391 1736 398 1759 :
429 1722 594 1772 prohibe
614 1722 796 1758 infandos
817 1737 838 1759 a
859 1724 1023 1759 navibus
1043 1725 1158 1772 ignis,
1321 1727 1394 1760 525

221 1788 337 1825 parce
358 1779 423 1825 pio
443 1779 582 1825 generi
603 1781 644 1813 et
664 1779 823 1825 propius
844 1789 905 1813 res
925 1779 1054 1825 aspice
1074 1781 1238 1813 nostras.

261 1873 304 1891 ⁵⁰¹
329 1873 391 1904 dea
409 1873 535 1904 JI¹PR
804 1874 846 1893 ⁵12
870 1876 1053 1906 advexerat
1071 1873 1126 1906 ΜΞ
1141 1885 1146 1905 z
1173 1878 1338 1907 averterat
1356 1877 1391 1909 F.

261 1916 304 1935 ⁶¹³
328 1917 501 1956 perculsus
519 1915 614 1947 JIP2.

260 1959 303 1977 ⁵¹³
327 1960 442 1991 cuncti
462 1960 566 1998 FMR,
590 1959 732 1991 Servius.
782 1960 881 1992 lectis
897 1959 981 1999 P2R,
1000 1961 1114 1992 known
1130 1966 1160 1993 to
1177 1961 1319 1993 Servius.

217 2029 294 2068 ⁶276
