1430 2335
656 88 850 126 VIRGIL

166 164 361 201 exstruis?
415 162 494 200 heu
511 162 517 198 !
549 165 662 213 regni
680 176 891 213 rerumque
911 162 1034 200 oblite
1054 168 1209 201 tuarum
1228 164 1236 200 !

166 219 248 266 ipse
268 216 388 253 deum
407 217 481 253 tibi
500 229 564 253 me
584 216 688 253 claro
707 217 888 254 demittit
906 216 1079 266 Olympo

165 274 364 319 regnator,
385 270 538 306 caelum
559 275 602 307 et
620 275 744 307 terras
764 272 831 320 qui
853 273 1017 306 numine
1037 274 1197 319 torquet
1213 283 1223 316 ;

165 326 249 371 ipse
269 322 368 360 haec
387 322 490 360 ferre
511 324 622 360 iubet
639 323 777 360 celeris
796 323 984 360 mandata
1002 337 1073 372 per
1091 336 1214 360 auras.
1265 325 1342 362 2¹70

166 375 262 426 quid
281 379 399 413 struis
415 377 430 414 ?
483 382 553 413 aut
572 389 649 426 qua
668 389 737 425 spe
757 376 916 426 Libycis
934 380 1031 413 teris
1050 379 1130 414 otia
1151 378 1267 414 terris
1283 377 1297 413 ?

166 432 196 466 si
216 435 258 466 te
277 430 387 466 nulla
404 436 540 467 movet
557 435 759 467 tantarum
778 430 903 479 gloria
920 443 1054 467 rerum

163 496 239 525 nec
259 496 378 533 super
394 486 479 534 ipse
498 489 568 520 tua
587 484 735 520 moliris
753 483 871 521 laude
890 483 1080 528 laborem,

166 537 382 574 Ascanium
400 542 633 586 surgentem
653 543 695 573 et
714 550 804 586 spes
822 536 981 574 heredis
1003 537 1080 573 Iuli

146 593 330 639 respice,
350 593 414 628 cui
432 604 600 640 regnum
620 590 759 627 Italiae
782 591 1034 640 Romanaque
1054 590 1173 627 tellus
1265 592 1341 630 275

164 644 401 681 debentur.’'
457 645 528 681 tali
548 644 751 694 Cyllenius
769 657 836 681 ore
853 644 1009 680 locutus

163 698 340 734 mortalis
359 701 463 735 visus
483 698 615 735 medio
636 710 816 734 sermone
836 697 997 747 reliquit

165 756 207 787 et
224 751 361 800 procul
381 754 422 788 in
441 756 604 788 tenuem
624 763 672 787 ex
690 751 812 787 oculis
831 753 992 787 evanuit
1011 764 1155 788 auram.

216 806 274 841 At
294 817 384 841 vero
404 805 561 841 Aeneas
578 809 740 853 aspectu
763 805 963 841 obmutuit
980 818 1130 850 amens,

162 863 416 907 arrectaeque
436 858 595 894 horrore
615 870 750 894 comae
771 863 813 894 et
832 870 905 893 vox
922 857 1097 894 faucibus
1111 858 1248 895 haesit.
1264 862 1341 894 280

162 911 277 948 ardet
296 911 404 947 abire
425 911 517 960 fuga
538 911 744 960 dulcisque
763 911 987 959 relinquere
1007 916 1143 955 terras,

162 968 356 1001 attonitus
377 970 490 1000 tanto
509 967 663 1001 monitu
682 966 930 1014 imperioque
950 963 1126 1000 deorum.

163 1017 260 1054 heu!
287 1018 381 1068 quid
401 1019 520 1067 agat?
558 1031 636 1067 quo
651 1031 756 1055 nunc
775 1020 953 1067 reginam
968 1017 1118 1054 ambire
1138 1017 1338 1055 furentem

161 1071 307 1108 audeat
327 1072 463 1108 adfatu
479 1073 493 1108 ?
548 1084 646 1121 quae
667 1074 794 1120 prima
812 1071 973 1107 exordia
991 1072 1147 1108 sumat?

161 1129 280 1174 atque
293 1128 467 1161 animum
480 1138 584 1161 nunc
596 1125 674 1161 huc
687 1125 870 1167 celerem,
879 1137 985 1161 nunc
997 1124 1140 1161 dividit
1154 1124 1247 1161 illue
1263 1128 1338 1161 285

161 1180 201 1213 in
223 1181 423 1227 partisque
442 1182 547 1227 rapit
565 1181 687 1214 varias
708 1191 858 1227 perque
877 1179 1007 1214 omnia
1026 1182 1166 1214 versat.
1264 1191 1337 1215 FMP

162 1231 259 1268 haec
279 1232 494 1267 alternanti
514 1234 644 1281 potior
662 1234 864 1268 sententia
883 1233 964 1267 visa
984 1235 1045 1267 est
1062 1243 1070 1268 ε

161 1284 375 1321 Mnesthea
394 1283 704 1334 Sergestumque
724 1289 838 1321 vocat
856 1283 1080 1334 fortemque
1096 1283 1313 1331 Serestum,

161 1338 327 1375 classem
345 1343 487 1387 aptent
506 1341 617 1374 taciti
637 1340 840 1387 sociosque
860 1337 908 1373 ad
930 1337 1046 1374 litora
1065 1343 1222 1386 cogant,

159 1405 268 1428 arma
286 1397 427 1440 parent
446 1397 500 1437 et,
519 1404 620 1441 quae
640 1392 756 1428 rebus
775 1394 827 1427 sit
845 1403 960 1427 causa
978 1392 1184 1436 novandis,
1262 1395 1338 1434 290

160 1445 435 1489 dissimulent3
465 1457 551 1481 sese
570 1448 737 1491 interea,
755 1444 914 1494 quando
933 1447 1083 1493 optima
1106 1444 1210 1480 Dido

159 1502 313 1535 nesciat
332 1503 374 1535 et
393 1504 525 1535 tantos
544 1501 674 1547 rumpi
693 1511 773 1534 non
792 1502 928 1548 speret
944 1510 1111 1543 amores,

160 1557 451 1601 temptaturum
469 1552 599 1589 aditus
618 1558 674 1597 et,
692 1565 793 1601 quae
811 1551 1040 1589 mollissima
1057 1550 1168 1587 fandi

159 1611 351 1655 tempora,
370 1608 458 1655 quis
477 1606 593 1642 rebus
613 1605 755 1642 dexter
772 1605 924 1642 modus.
981 1607 1088 1641 ocius
1107 1617 1243 1640 omnes

158 1661 325 1708 imperio
343 1658 438 1696 laeti
458 1664 599 1708 parent
620 1664 661 1695 et
680 1662 784 1695 iussa
802 1658 1014 1695 facessunt.
1260 1662 1334 1700 5395

212 1714 268 1749 At
286 1715 425 1761 regina
443 1712 555 1749 dolos
573 1712 677 1763 (quis
696 1711 834 1748 fallere
855 1715 978 1761 possit
996 1716 1198 1748 amantem
1212 1708 1244 1762 ?)

158 1769 378 1815 praesensit
396 1771 604 1816 motusque
625 1768 785 1815 excepit
803 1768 929 1814 prima
947 1765 1115 1811 futuros,

244 1836 287 1855 2⁶⁷
312 1838 431 1877 oblite]
448 1839 562 1877 ignare
577 1835 634 1869 ΡΙ.
893 1836 937 1856 ²⁶⁸
960 1836 1109 1869 dimittit
1123 1836 1165 1869 P.

243 1879 287 1898 ²⁶³
309 1882 358 1919 et]
374 1891 412 1912 ac
427 1881 468 1911 P.
518 1883 642 1911 terram
660 1880 699 1911 P.

243 1922 286 1941 ²⁷³
309 1923 441 1954 omitted
450 1923 488 1954 in
503 1923 599 1955 MP:
612 1924 706 1963 yiven
721 1924 760 1965 by
774 1922 872 1962 a²b²e‚
890 1923 959 1955 and
976 1923 1026 1961 (in
1041 1922 1186 1963 maryin)
1204 1922 1241 1963 by
1256 1935 1289 1963 γ.

243 1963 291 1984 ²⁷⁶
315 1966 484 1998 debentur
500 1967 568 2003 Ml,
584 1966 739 1998 Servius:
763 1967 905 1998 debetur
923 1965 1042 2004 M²P7.

243 2008 286 2027 ²⁸⁹
310 2019 388 2047 -que
403 2009 532 2040 omitted
551 2010 588 2040 P.
894 2007 938 2027 ⁸⁴³⁵
962 2010 1010 2048 et]
1025 2018 1062 2040 ac
1079 2005 1144 2039 211².

158 2068 235 2099 414·
