1430 2335
674 75 866 112 VIRGIL

239 151 330 187 Post
350 155 506 200 partum
529 163 618 186 cura
640 152 679 186 in
699 150 842 187 vitulos
863 151 1082 189 traducitur
1103 154 1253 199 omnis;

185 213 448 259 continuoque
468 214 580 245 notas
600 213 641 245 et
660 211 818 245 nomina
838 212 968 258 gentis
988 213 1163 256 inurunt,

184 274 225 304 et
246 281 341 317 quos
361 272 430 304 aut
448 269 582 317 pecori
602 267 743 304 malint
762 268 998 306 submittere
1016 269 1200 307 habendo

183 331 251 362 aut
271 329 348 362 aris
368 338 521 362 servare
542 338 669 362 sacros
688 330 758 362 aut
777 326 956 362 scindere
976 332 1121 364 terram
1287 328 1358 365 160

185 390 225 421 et
246 397 429 434 campum
449 384 680 421 horrentem
703 384 836 421 fractis
856 387 1052 423 invertere
1073 387 1235 436 glaebis.

186 451 316 482 cetera
336 451 549 495 pascuntur
567 446 701 482 viridis
719 451 896 482 armenta
914 459 985 496 per
1003 447 1156 484 herbas.

186 513 227 543 tu
250 520 346 557 quos
364 507 414 543 ad
434 507 610 544 studium
630 512 750 556 atque
765 519 879 543 usum
896 507 1081 545 formabis
1095 515 1305 558 agrestem,

187 571 261 605 iam
284 568 427 605 vitulos
446 568 605 605 hortare
626 570 805 618 viamque
826 571 962 605 insiste
983 569 1184 613 domandi,

187 628 282 663 dum
304 627 437 663 faciles
457 629 579 663 animi
599 629 797 670 iuvenum,
819 627 912 663 dum
933 628 1087 664 mobilis
1107 634 1224 666 aetas.
1288 629 1357 666 165

187 699 231 721 ac
252 688 422 734 primum
445 686 551 721 laxos
571 688 682 721 tenui
703 686 754 721 de
774 688 920 722 vimine
941 687 1077 723 circlos

186 746 326 780 cervici
347 744 562 788 subnecte3
590 743 748 788 dehinc,
769 745 835 780 ubi
856 744 977 781 libera
997 746 1096 782 colla

186 805 345 838 servitio
364 803 582 848 adsuerint,
602 804 695 852 ipsis
716 816 737 839 e
758 803 961 852 torquibus
980 809 1093 853 aptos

186 864 306 909 iunge
328 874 454 910 pares,
474 866 514 897 et
535 873 631 910 coge
651 861 817 910 gradum
838 862 1016 898 conferre
1037 865 1219 901 iuvencos
1236 877 1245 909 3

189 924 305 968 atquc
327 919 402 954 illis
423 922 499 955 iam
521 932 637 968 saepe
658 924 767 955 rotae
789 920 985 956 ducantur
1003 923 1139 957 inanes
1288 924 1358 961 170

184 989 254 1026 per
275 983 433 1023 terrani,
454 983 494 1013 et
515 990 667 1013 summo
687 980 852 1027 vestigia
873 979 1034 1027 pulvere
1055 982 1238 1028 signent3

184 1040 272 1084 post
292 1034 423 1071 valido
442 1038 575 1071 nitens
596 1035 667 1071 sub
687 1036 863 1085 pondere
886 1036 1040 1085 faginus
1060 1040 1141 1073 axis

184 1097 390 1143 instrepat,
412 1098 454 1129 et
472 1096 627 1130 iunctos
647 1099 754 1130 temo
771 1094 904 1130 trahat
918 1108 1056 1131 aereus
1072 1097 1185 1133 orbis.

184 1154 336 1188 interea
357 1152 452 1201 pubi
473 1152 688 1188 indomitae
710 1165 788 1188 non
808 1155 985 1202 gramina
1006 1159 1161 1191 tantum

183 1222 256 1246 nec
277 1223 408 1246 vescas
423 1211 583 1246 salicum
600 1209 759 1246 frondes
776 1211 984 1261 ulvamque
1001 1213 1230 1262 palustrem,
1284 1217 1354 1254 175

182 1268 250 1304 sed
274 1268 472 1305 frumenta
492 1282 609 1304 manu
631 1281 766 1318 carpes
786 1274 892 1313 sata;
921 1283 995 1307 nec
1015 1271 1088 1307 tibi
1108 1271 1214 1309 fetae

182 1343 290 1365 more
312 1335 468 1379 patrum
489 1332 602 1365 nivea
619 1330 845 1378 implebunt
865 1331 1091 1368 mulctraria
1110 1345 1262 1379 vaccae,

182 1390 250 1425 sed
273 1395 357 1426 tota
378 1393 417 1426 in
438 1390 563 1426 dulcis
584 1397 819 1428 consument
838 1391 960 1428 ubera
980 1397 1102 1430 natos.

234 1448 302 1484 Sin
322 1449 372 1485 ad
393 1448 497 1485 bella
516 1451 641 1498 magis
656 1450 831 1486 studium
852 1455 1077 1501 turmasque
1097 1450 1248 1497 ferocis,

179 1515 247 1546 aut
268 1510 426 1559 Alphea
446 1512 542 1546 rotis
563 1510 737 1559 praelabi
757 1511 918 1548 flumina
936 1511 1045 1549 Pisae
1284 1521 1356 1553 180

179 1577 221 1608 et
243 1572 345 1608 Iovis
366 1574 405 1607 111
426 1572 513 1608 luco
534 1584 667 1608 currus
687 1575 836 1622 agitare
858 1573 1023 1610 volantis
1041 1587 1049 1611 ε
1228 1589 1355 1614 AFMPR

178 1636 329 1682 primus
351 1635 443 1683 equi
463 1633 573 1669 labor
593 1638 653 1670 est
672 1636 824 1671 animos
844 1640 963 1684 atque
985 1649 1091 1673 arma
1112 1637 1246 1674 videre

178 1695 402 1731 bellantum
424 1695 622 1745 lituosque
643 1698 739 1744 pati,
760 1700 968 1746 tractuque
989 1703 1219 1746 gementem

177 1755 282 1791 serre
305 1761 430 1792 rotam
454 1761 494 1792 et
516 1757 670 1792 stabulo
690 1756 821 1793 frenos
841 1757 976 1793 audire
998 1762 1198 1804 sonantis;

178 1822 263 1853 tum
280 1819 404 1865 magis
424 1821 543 1866 atque
564 1820 689 1866 magis
709 1817 865 1854 blandis
884 1819 1058 1867 gaudere
1072 1823 1248 1870 magistri
1283 1827 1352 1859 185

217 1894 260 1914 ¹⁶³
284 1895 399 1926 studia
415 1895 480 1926 FR.
672 1896 716 1914 ¹⁶⁶
739 1897 848 1928 circos
863 1897 946 1929 F1P.
1055 1897 1098 1917 ²⁶⁹
1120 1899 1273 1932 iuvencis
1290 1902 1351 1933 Ml.

216 1937 259 1957 ¹⁷⁵
283 1939 415 1979 ulvain]
430 1939 552 1969 silvani
572 1939 608 1969 R.
674 1938 716 1957 ΠΒ
740 1944 944 1973 consumant
962 1940 1024 1975 M1.
1056 1941 1099 1960 ¹⁸2
1124 1944 1217 1980 equis
1231 1945 1276 1976 M.

178 2002 249 2039 166
