1430 2335
666 81 861 120 VIRGIL

167 156 369 191 insontem
388 155 553 192 infando
573 156 735 203 indicio,
754 161 845 207 quia
867 158 974 195 bella
992 160 1167 204 vetabat,

166 216 363 253 demisere
383 219 484 262 neci,
505 231 611 254 nunc
631 231 783 265 cassum
802 219 953 257 lumine
972 219 1117 270 lugent
1135 235 1142 258 :
1295 226 1343 260 85

168 276 223 314 illi
252 290 317 314 me
337 281 522 315 comitem
544 284 586 316 et
606 284 954 329 consanguinitate
975 285 1240 332 propinquum

166 352 317 388 pauper
335 341 375 375 in
395 353 503 376 arma
524 346 639 390 pater
658 344 794 391 primis
814 342 892 379 huc
912 346 1021 380 misit
1040 344 1090 379 ab
1114 348 1238 382 annis.

166 400 260 437 dum
281 402 411 437 stabat
432 415 557 451 regno
576 403 787 440 incolumis
806 417 1028 454 regumque
1051 407 1213 454 vigebat

167 463 356 509 conciliis,
376 469 418 500 et
437 477 508 500 nos
528 464 688 514 aliquod
710 478 937 515 nomenque
957 466 1159 516 decusque

167 527 370 572 gessimus.
428 526 577 563 invidia
596 532 806 576 postquam
827 528 990 576 pellacis
1011 528 1121 565 Ulixi
1294 533 1346 572 90

166 585 289 636 (haud
310 590 447 636 ignota
465 587 621 639 loquor)
641 591 793 638 superis
813 593 1010 626 concessit
1029 591 1078 626 ab
1099 593 1186 636 oris,

165 647 346 685 adflictus
368 652 488 686 vitam
508 653 550 686 in
569 651 748 687 tenebris
768 650 960 700 luctuque
980 651 1188 688 trahebam

167 716 208 747 et
227 723 360 747 casum
380 714 547 748 insontis
568 725 725 748 mecum
744 713 981 761 indignabar
1005 716 1132 750 amici.

166 785 240 809 nec
261 776 367 809 tacui
386 773 553 810 demens
575 779 615 811 et
635 787 713 819 me,
733 774 812 811 fors
833 778 863 811 si
883 788 960 824 qua
980 775 1150 821 tulisset,

167 837 197 871 si
219 838 365 884 patrios
385 849 570 885 umquam
592 849 832 873 remeassem
852 839 979 873 victor
997 836 1048 873 ad
1067 838 1209 886 Argos,
1295 842 1344 880 95

167 899 326 946 promisi
346 897 516 933 ultorem
539 903 580 934 et
600 898 729 934 verbis
748 897 837 934 odia
855 901 995 946 aspera
1012 901 1128 935 movi.

168 959 260 994 hinc
281 958 375 994 mihi
397 962 522 1008 prima
541 959 635 995 mali
654 959 776 1003 labes,
797 959 890 996 hinc
911 972 1070 1009 semper
1092 960 1228 997 Ulixes

167 1021 398 1057 criminibus
420 1027 570 1058 terrere
591 1024 716 1067 novis,
737 1021 828 1057 hinc
849 1035 1035 1071 spargere
1055 1035 1171 1059 voces

167 1085 208 1119 in
228 1082 388 1131 volgum
409 1084 613 1132 ambiguas
634 1088 675 1120 et
695 1096 887 1132 quaerere
907 1087 1084 1120 conscius
1105 1098 1222 1122 arma.

166 1157 242 1181 nec
260 1147 457 1194 requievit
478 1148 599 1189 enim,
619 1144 747 1181 donec
768 1144 985 1182 Calchante
1006 1149 1241 1182 ministro—
1273 1150 1347 1182 100

168 1206 236 1243 sed
258 1206 352 1255 quid
373 1220 448 1255 ego
465 1206 561 1243 haec
577 1212 712 1243 autem
729 1209 970 1256 nequiquam
983 1209 1140 1256 ingrata
1159 1208 1346 1245 revolvo?

168 1268 314 1317 quidve
334 1270 491 1303 moror?
546 1270 577 1304 si
598 1270 724 1303 omnis
748 1280 826 1303 uno
843 1268 982 1304 ordine
1001 1267 1159 1305 habetis
1175 1269 1347 1306 Achivos

168 1329 287 1379 idque
308 1329 444 1365 audire
466 1334 526 1365 sat
546 1334 620 1374 est,
641 1328 873 1365 iamdudum
892 1331 1039 1366 sumite
1059 1343 1230 1379 poenas:

170 1393 243 1427 hoc
268 1390 426 1427 Ithacus
447 1391 544 1427 velit
563 1396 606 1427 et
626 1403 770 1439 magno
789 1397 1018 1427 mercentur
1037 1391 1231 1429 Atridae.'

222 1459 246 1473 “
260 1453 362 1488 Tum
383 1465 475 1489 vero
487 1452 672 1489 ardemus
685 1454 821 1488 scitari
833 1457 875 1489 et
888 1465 1079 1501 quaerere
1093 1466 1241 1499 causas,
1274 1458 1346 1490 105

169 1518 296 1565 ignari
315 1515 509 1552 scelerum
529 1519 729 1551 tantorum
752 1516 927 1563 artisque
951 1514 1151 1564 Pelasgae.
1295 1527 1349 1552 ΜΡ

170 1578 422 1625 prosequitur
441 1577 622 1623 pavitans
642 1578 684 1610 et
703 1573 795 1609 ficto
814 1578 976 1622 pectore
996 1573 1124 1610 fatur:

223 1640 249 1657 ‘¹
263 1641 273 1657 ‘
288 1636 417 1686 Saepe
439 1635 576 1685 fugam
597 1634 726 1671 Danai
746 1634 862 1670 Troia
882 1638 1044 1684 cupiere
1065 1635 1203 1672 relicta

169 1699 298 1735 moliri
319 1703 361 1735 et
379 1698 500 1748 longo
519 1697 612 1734 fessi
630 1696 839 1733 discedere
859 1696 988 1733 bello:

170 1759 440 1809 fecissentque
461 1760 636 1796 utinam!
686 1771 803 1807 saepe
823 1757 911 1794 illos
931 1771 1069 1807 aspera
1087 1762 1199 1807 ponti
1277 1764 1349 1797 110

171 1821 397 1858 interclusit
418 1821 544 1858 hiems
565 1826 607 1857 et
627 1822 772 1867 terruit
789 1820 939 1856 Auster
958 1823 1090 1857 euntis
1106 1833 1115 1863 ;

173 1886 398 1934 praecipue,
420 1896 509 1919 cum
528 1885 606 1918 iam
627 1882 691 1919 hic
710 1881 887 1919 trabibus
908 1887 1120 1919 contextus
1134 1886 1286 1920 acernis

313 1946 341 1964 ⁸⁸
366 1956 579 1985 regnumque
596 1946 635 1978 P.
909 1944 937 1963 ⁸⁹
962 1946 1117 1976 consiliis
1141 1946 1176 1978 V.

316 1989 344 2008 ⁹⁰
369 1990 503 2021 fallacis
518 1989 559 2020 P.
894 1987 937 2007 ²⁰⁵
960 1998 1058 2019 casus
1071 1989 1126 2020 P1.
