1430 2335
691 88 882 124 VIRGIL

198 168 362 205 fervere.
420 180 499 203 non
520 165 586 202 illa
606 168 811 215 quisquam
831 178 894 202 me
915 171 1033 202 nocte
1053 179 1123 214 per
1143 165 1267 202 altum

198 224 254 258 ire
274 233 404 270 neque
424 221 473 256 ab
493 225 598 256 terra
618 225 777 255 moneat
797 219 1020 256 convellere
1041 219 1188 256 funem.

198 280 240 311 at
259 277 302 318 si,
324 286 412 310 cum
432 272 658 322 referetque
678 272 785 308 diem
805 273 1030 322 condetque
1049 272 1231 318 relatum,

199 327 350 364 lucidus
371 327 474 363 orbis
495 329 583 371 erit,
603 325 747 362 frustra
765 327 968 362 terrebere
989 327 1132 362 nimbis

200 386 242 417 et
261 380 364 416 claro
384 380 499 417 silvas
520 391 656 416 cernes
676 379 874 428 Aquilone
894 382 1051 415 moveri.
1300 379 1375 416 460

201 434 387 483 denique,
408 433 501 482 quid
523 445 662 482 vesper
682 445 790 469 serus
810 432 942 477 vehat,
964 433 1069 469 unde
1089 445 1247 469 serenas

199 493 341 524 ventus
361 492 453 535 agat
472 487 611 532 nubes,
631 485 725 535 quid
745 489 896 535 cogitet
917 486 1070 522 umidus
1091 486 1247 530 Auster,

200 541 256 577 sol
276 542 348 577 tibi
368 543 480 589 signa
499 540 620 576 dabit.
678 539 800 576 solem
819 539 905 588 qu'is
923 539 1056 576 dicere
1076 538 1218 575 falsum

199 594 372 630 audeat?
427 593 493 630 ille
514 596 634 630 etiam
655 606 790 629 caecos
810 595 956 629 instare
976 592 1171 629 tumultus

200 661 317 697 saepe
336 652 474 683 monet
493 646 752 695 fraudemque
773 652 815 683 et
835 651 971 695 operta
990 654 1212 682 tumescere
1232 644 1346 682 bella.

200 700 266 737 ille
288 703 408 737 etiam
429 703 626 737 exstincto
646 703 852 736 miseratus
873 700 1038 736 Caesare
1062 700 1237 744 Romam,
1297 699 1374 736 466

201 767 289 791 cum
310 759 428 803 caput
448 755 611 790 obscura
630 753 800 790 nitidum
821 752 1022 801 ferrugine
1043 755 1144 789 texit

200 811 399 857 impiaque
419 813 623 843 aeternam
643 810 865 843 timuerunt
884 806 1039 843 saecula
1059 811 1230 843 noctem.

200 866 380 910 tempore
415 874 652 910 quamquam
686 860 753 897 illo
785 860 905 897 tellus
938 872 1095 910 quoque
1129 865 1171 896 et
1205 871 1374 909 aequora

306 917 431 963 ponti,

200 968 473 1017 obscenaeque
494 980 610 1004 canes
631 970 958 1017 importunaeque
981 967 1156 1003 volucres
1301 966 1377 1003 470

202 1024 313 1069 signa
333 1022 491 1058 dabant.
551 1024 735 1070 quotiens
755 1020 971 1070 Cyclopum
994 1021 1181 1056 effervere
1203 1022 1242 1055 in
1264 1032 1378 1068 agros

201 1075 368 1111 vidimus
389 1075 609 1111 undantem
629 1077 755 1124 ruptis
774 1074 997 1110 fornacibus
1020 1075 1205 1118 Aetnam,

202 1128 523 1177 flammarumque
544 1128 680 1177 globos
700 1127 992 1177 liquefactaque
1014 1127 1169 1163 volvere
1191 1140 1280 1163 saxa
1300 1126 1306 1161 !

201 1194 395 1218 armorum
416 1184 588 1218 sonitum
608 1187 694 1218 toto
715 1182 927 1218 Germania
947 1181 1056 1217 caelo

200 1235 339 1280 audiit,
358 1235 525 1271 insolitis
545 1240 795 1271 tremuerunt
814 1235 986 1270 motibus
1008 1234 1140 1282 Alpes.
1303 1232 1377 1269 475

201 1301 274 1324 vox
295 1301 452 1337 quoque
472 1301 543 1337 per
564 1288 670 1324 lucos
691 1288 806 1336 volgo
827 1288 1012 1324 exaudita
1031 1287 1183 1324 silentis

201 1344 355 1390 ingens,
376 1347 418 1378 et
438 1341 644 1378 simulacra
662 1342 789 1378 modis
809 1341 1000 1390 pallentia
1018 1343 1126 1376 miris

202 1397 283 1431 visa
302 1395 375 1431 sub
395 1396 605 1431 obscurum
625 1397 765 1440 noctis,
787 1394 1039 1444 pecudesque
1060 1394 1228 1437 locutae,

201 1448 407 1484 infandum
424 1450 431 1484 ἔ
486 1451 632 1485 sistunt
651 1461 787 1484 amnes
807 1453 1017 1497 terraeque
1037 1446 1263 1491 dehiscunt,

202 1506 243 1537 et
262 1507 457 1538 maestum
477 1501 698 1538 inlacrimat
718 1501 877 1550 templis
898 1502 996 1537 ebur
1015 1513 1183 1550 aeraque
1205 1499 1359 1536 sudant.

201 1554 346 1602 proluit
366 1558 503 1591 insano
522 1560 787 1604 contorquens
807 1557 956 1591 vertice
976 1554 1090 1590 silvas
1303 1552 1376 1589 481

201 1608 405 1644 fluviorum
425 1622 494 1645 rex
516 1608 710 1644 Eridanus
731 1620 967 1657 camposque
988 1620 1058 1656 per
1078 1609 1204 1643 omnis

202 1674 290 1697 cum
311 1662 475 1698 stabulis
494 1667 674 1698 armenta
692 1661 796 1697 tulit.
855 1674 929 1697 nec
949 1666 1128 1708 tempore
1150 1660 1290 1697 eodem

201 1715 380 1751 tristibus
399 1721 467 1751 aut
489 1718 590 1751 extis
611 1715 729 1751 fibrae
749 1727 938 1763 apparere
960 1717 1132 1749 minaces

201 1773 270 1804 aut
289 1771 421 1817 puteis
442 1781 601 1805 manare
623 1781 735 1804 cruor
755 1770 935 1813 cessavit,
956 1772 998 1803 et
1018 1767 1120 1803 altae
1305 1766 1379 1802 485

542 1861 585 1879 ⁴¹⁵⁷
611 1864 746 1892 moveat
762 1860 828 1892 Ml.

543 1903 587 1921 *¹⁸¹
610 1904 699 1934 ferat
717 1903 807 1934 „111ss
817 1914 828 1934 .·
854 1908 949 1934 verat
969 1902 1034 1934 312.

542 1946 587 1965 4⁷⁰
611 1946 746 1977 obsceni
763 1946 802 1977 R.

544 1988 587 2007 ⁴5⁵
610 1989 785 2020 montibus
802 1988 914 2020 311122.
