1430 2335
661 88 854 125 VIRGIL

168 165 245 202 fida
263 178 349 201 reor
364 163 540 201 fraterna
560 163 696 213 Erycis
716 168 931 212 portusque
952 162 1125 206 Sicanos,

168 222 199 255 si
218 218 337 255 modo
355 220 431 254 rite
449 230 601 253 memor
620 221 774 253 servata
792 217 980 252 remetior
998 214 1142 251 astra.''
1296 219 1345 251 25

168 277 254 308 tum
274 274 360 320 pius
380 271 538 307 Aeneas
555 283 563 306 ι
593 269 816 319 “equidem
836 271 889 305 sic
908 281 1069 317 poscere
1089 273 1228 304 ventos

168 324 398 361 iamdudum
417 329 460 361 et
479 323 623 360 frustra
643 335 761 359 cerno
782 327 822 359 te
841 321 1009 358 tendere
1028 326 1173 358 contra.

167 378 285 415 flecte
304 380 407 413 viam
426 377 535 413 velis.
591 389 642 412 an
662 378 713 412 sit
731 375 827 412 mihi
848 377 997 423 gratior
1016 375 1110 419 ulla,

168 444 295 481 quove
314 433 439 479 magis
458 430 579 466 fessas
597 434 732 479 optem
753 428 967 465 demittere
986 431 1109 473 navis,

168 497 285 534 quam
306 497 406 533 quae
430 483 675 520 Dardanium
694 481 814 519 tellus
833 481 930 517 mihi
947 486 1077 517 servat
1093 482 1268 517 Acesten
1296 483 1345 515 30

170 543 212 574 et
231 540 352 587 patris
373 536 571 573 Anchisae
591 538 742 585 gremio
763 534 1043 584 complectitur
1062 547 1146 570 ossa
1164 536 1177 570 ἒ
1192 534 1211 546 ”

169 591 267 627 haec
286 591 354 627 ubi
373 590 492 635 dicta,
513 594 658 638 petunt
677 593 826 637 portus,
847 593 889 625 et
907 587 994 625 vela
1013 587 1175 624 secundi

169 644 387 681 intendunt
407 643 602 692 Zephyri3
630 642 756 679 fertur
774 645 854 678 cita
873 643 1033 690 gurgite
1053 640 1198 685 elassis,

170 703 213 735 et
229 697 392 734 tandem
412 697 506 733 laeti
525 701 644 732 notae
662 695 926 732 advertuntur
944 694 1124 731 harenae.

225 752 280 787 At
300 750 435 800 procul
455 763 503 786 ex
523 749 630 787 celso
651 751 813 785 miratus
831 750 982 785 vertice
1002 750 1148 784 montis
1297 751 1345 784 35

169 804 384 841 adventum
405 806 605 852 sociasque
624 808 730 839 rates
750 804 921 838 occurrit
940 801 1120 845 Acestes,

171 857 350 894 horridus
370 860 410 893 in
429 857 565 893 iaculis
585 861 627 893 et
647 855 752 904 pelle
773 854 989 904 Libystidis
1009 867 1135 897 ursae,
1265 865 1342 890 ΜΡι4

169 911 286 947 Troia
304 910 455 946 Criniso
473 914 710 959 conceptum
730 908 891 945 flumine
909 913 1038 944 mater

170 977 288 1013 quem
303 966 455 1013 genuit.
510 968 690 1000 veterum
708 975 788 999 non
808 965 1014 998 immernor
1031 961 1100 997 ille
1119 965 1329 1010 parentum

170 1023 349 1067 gratatur
367 1017 533 1054 reduces
552 1022 594 1053 et
613 1029 709 1063 gaza
725 1016 855 1052 laetus
874 1017 1021 1063 agresti
1296 1017 1346 1049 40

171 1073 330 1120 excipit,
350 1084 394 1107 ac
414 1070 536 1107 fessos
555 1071 695 1119 opibus
715 1068 862 1105 solatur
881 1071 1028 1105 amicis.

224 1124 384 1161 Postera
402 1136 490 1160 cum
513 1127 638 1172 primo
658 1122 794 1159 stellas
813 1122 979 1159 Oriente
998 1121 1156 1183 fuga-rat

171 1177 274 1214 clara
292 1178 389 1220 dies,
409 1180 533 1214 socios
551 1180 592 1213 in
612 1181 770 1213 coetum
790 1175 904 1212 litore
923 1176 972 1211 ab
991 1177 1098 1211 omni

169 1231 335 1267 advocat
353 1231 510 1267 Aeneas
526 1229 748 1279 tumulique
768 1241 817 1265 ex
834 1241 982 1278 aggere
1000 1227 1126 1264 fatur:

171 1288 196 1304 “
212 1283 462 1321 Dardanidae
481 1286 665 1333 magni,³
644 1296 766 1319 <renus
781 1282 863 1318 alto
882 1295 904 1317 a
923 1283 1114 1330 sanguine
1127 1280 1276 1324 divum,
1298 1283 1345 1315 45

169 1350 322 1375 annuus
341 1340 489 1374 exactis
507 1336 729 1385 completur
747 1335 948 1372 mensibus
965 1335 1083 1377 orbis,

170 1403 218 1427 ex
238 1404 315 1440 quo
335 1391 518 1440 rehquias
537 1390 739 1438 divinique
758 1401 844 1425 ossa
862 1390 1037 1437 parentis

169 1444 417 1480 condidimus
436 1449 542 1480 terra
560 1448 809 1491 maestasque
828 1443 1062 1478 sacravimus
1080 1452 1175 1476 aras.

169 1500 326 1547 iamque
375 1497 473 1542 dies,
521 1499 596 1533 nisi
643 1495 769 1541 fallor,
808 1494 935 1538 adest,
976 1507 1095 1544 quem
1131 1505 1286 1542 semper

271 1551 470 1595 acerbum,

167 1617 325 1652 semper
343 1604 578 1641 honoratum
597 1601 670 1653 (sic
690 1601 730 1638 di
751 1599 945 1664 voluistis)
963 1599 1127 1636 habebo.
1296 1602 1345 1634 50

168 1656 274 1694 hunc
294 1670 368 1706 ego
389 1656 569 1694 Gaetulis
588 1668 750 1704 agerem
770 1657 801 1691 si
821 1654 1002 1703 Syrtibus
1022 1653 1145 1698 exsul,

169 1710 403 1760 Argolicove
422 1713 518 1747 mari
537 1709 755 1757 deprensus
774 1713 816 1744 et
834 1709 932 1744 urbe
954 1707 1159 1755 Mycenae,

167 1777 297 1801 annua
316 1769 407 1801 vota
425 1769 568 1800 tamen·
580 1761 860 1811 sollemnisque
880 1760 1017 1798 ordine
1037 1771 1199 1809 pompas

295 1877 325 1897 ²⁹
348 1879 530 1909 demittere
545 1888 560 1907 c
574 1890 582 1907 ,·
606 1876 780 1907 dimittere
795 1876 883 1906 other
899 1874 1004 1912 MSS„
1021 1872 1185 1904 Priscian.

295 1921 323 1940 ³⁵
347 1921 430 1951 Both
447 1920 579 1952 excelso
596 1919 665 1950 and
681 1928 722 1949 ex
738 1918 829 1950 celso
845 1918 960 1948 known
971 1921 1001 1948 to
1017 1915 1162 1949 Servius.

295 1961 325 1982 ⁶²
350 1964 445 2002 urbe]
461 1973 535 1994 arce
555 1961 610 1993 ΡΙ.
662 1961 816 2001 Mycenis
831 1961 871 1992 R.

171 2046 246 2079 448
