1430 2335
642 56 834 93 VIRGIL

624 171 651 195 M
658 172 836 196 ELIBOEUS

152 232 205 267 At
226 244 294 268 nos
314 231 406 267 hinc
426 230 492 266 alii
512 231 683 266 sitientis
704 230 846 266 ibimus
868 228 996 276 Afros,

150 306 237 341 pars
257 292 459 341 Scythiam
480 296 522 328 et
542 290 722 339 rapidum
743 290 883 327 Cretae
905 293 1108 328 veniemus
1128 290 1267 327 Oaxen

150 359 191 390 et
211 356 370 403 penitus
391 358 475 389 toto
496 352 640 388 divisos
659 352 753 388 orbe
776 352 995 389 Britannos.
1275 353 1323 389 66

150 429 198 451 en
219 428 403 464 umquam
425 416 570 463 patrios
591 413 710 462 longo
730 418 818 462 post
838 419 1017 463 tempore
1037 414 1136 459 finis,

150 479 330 525 pauperis
351 481 392 512 et
412 478 546 524 tuguri
567 480 800 524 congestum
821 479 994 524 caespite
1010 475 1168 512 culmen

150 543 238 586 post
257 537 419 587 aliquot,
439 550 527 573 mea
547 549 668 585 regna
689 536 839 581 videns,
859 538 1028 573 mirabor
1046 538 1210 574 aristas?

150 602 291 648 impius
311 599 407 635 haec
428 603 507 634 tam
529 598 635 634 culta
655 598 808 634 novalia
827 598 940 635 miles
960 598 1135 644 habebit,
1279 600 1327 637 70

150 661 336 696 barbarus
357 660 426 696 has
447 660 633 709 segetes?
690 672 740 695 en
760 672 838 708 quo
858 659 1052 696 discordia
1075 662 1168 696 civis

150 721 335 770 produxit
353 724 537 757 miseros:
567 720 627 757 his
647 734 717 757 nos
737 723 980 758 consevimus
1000 734 1123 770 agros.

150 786 278 819 insere
298 796 418 829 nunc,
440 782 651 827 Meliboee,
672 785 789 831 piros,
810 795 913 831 pone
934 782 1072 819 ordine
1093 785 1192 820 vitis.

150 847 205 881 ite
225 857 350 889 meae,
371 843 569 893 quondam
591 843 684 880 felix
705 857 838 893 pecus,
853 847 909 881 ite
930 844 1114 893 capellae.

150 919 228 942 non
250 919 324 954 ego
345 918 412 942 vos
432 905 597 954 posthac
618 905 732 941 viridi
753 908 951 954 proiectus
972 908 1013 941 in
1033 911 1147 942 antro
1281 907 1329 945 75

150 967 314 1003 dumosa
333 966 509 1015 pendere
530 966 665 1016 procul
686 966 736 1003 de
756 980 854 1016 rupe
875 966 1039 1010 videbo3

152 1031 322 1064 carmina
344 1028 452 1064 nulla
472 1041 633 1072 canam;
663 1041 742 1064 non
762 1041 826 1065 me
848 1033 1049 1077 pascente,
1070 1028 1257 1078 capellae,

152 1090 357 1126 florentem
377 1092 545 1139 cytisum
567 1094 608 1127 et
628 1089 765 1126 salices
787 1092 954 1139 carpetis
974 1102 1132 1127 amaras.

657 1220 824 1244 TITYRUS

156 1278 233 1313 Hie
254 1282 388 1313 tamen
409 1277 509 1313 hane
530 1290 685 1314 mecum
707 1283 863 1326 poteras
884 1280 1132 1327 requiescere
1153 1283 1312 1316 noctem

154 1330 293 1367 fronde
314 1343 430 1380 super
451 1331 563 1367 viridi
581 1344 588 1367 :
618 1336 711 1367 sunt
730 1332 842 1367 nobis
862 1334 973 1368 mitia
992 1344 1120 1380 poma,
1282 1333 1331 1370 80

154 1390 361 1420 castaneae
381 1383 520 1420 molles
541 1389 582 1421 et
602 1387 725 1433 pressi
746 1387 857 1433 copia
877 1384 1013 1429 lactis3

155 1443 196 1474 et
216 1440 291 1473 iam
311 1450 462 1473 summa
483 1438 616 1486 procul
639 1438 815 1474 villarum
836 1438 1007 1474 culmina
1026 1437 1182 1476 fumant

155 1494 397 1540 maioresque
418 1491 567 1528 cadunt
587 1491 675 1528 altis
696 1491 746 1528 de
767 1493 967 1528 montibus
987 1492 1159 1530 umbrae.

198 1584 225 1602 '⁵⁵
249 1583 384 1614 Servius
394 1585 472 1615 read
482 1587 605 1623 cretae,
622 1586 777 1627 qowrned
788 1585 826 1625 by
836 1584 1005 1626 rapidum,
1031 1586 1051 1602 “
1062 1586 1329 1628 chalk·-rollz7719.’'

199 1625 227 1644 ⁷⁴
250 1626 332 1657 felix
349 1627 521 1667 quondam
537 1628 576 1658 R.

199 1668 226 1686 ⁸³
249 1668 290 1699 de
307 1669 372 1701 P2:
398 1681 417 1700 a
434 1670 485 1702 ΡΙ.
