1430 2335
680 92 872 129 VIRGIL

189 170 232 203 et
251 179 324 203 vox
342 166 511 204 adsensu
532 179 738 203 nemorum
758 169 1001 216 ingeminata
1021 169 1205 215 remugit.
1312 169 1362 201 45

188 233 279 255 mox
300 225 433 255 tamen
454 219 628 255 ardentis
649 223 830 268 accingar
848 220 979 256 dicere
999 233 1151 269 pugnas

190 272 364 309 Caesaris
384 277 426 308 et
446 285 589 308 nomen
611 272 714 308 fama
734 278 794 308 tot
814 273 915 309 ferre
935 286 1006 322 per
1023 286 1161 316 annos,

190 325 352 361 Tithoni
373 328 497 374 prima
516 331 612 374 quot
631 327 743 362 abest
762 327 810 362 ab
829 328 979 375 origine
1000 326 1151 362 Caesar.

242 378 320 415 Seu
341 381 425 427 quis
447 379 702 428 Olympiacae
721 381 883 415 miratus
903 382 1076 427 praemia
1094 378 1247 427 palmae

189 434 314 480 pascit
333 444 467 481 equos,
483 445 551 468 seu
571 434 657 481 quis
677 432 788 468 fortis
807 432 857 467 ad
877 438 1004 468 aratra
1023 435 1219 476 iuvenem,
1315 435 1364 468 50

188 497 350 534 corpora
367 487 577 534 praecipue
596 490 765 521 matrum
785 485 901 534 legat.
958 487 1107 534 optima
1126 490 1259 521 torvae

188 538 314 574 forma
333 538 454 584 bovis,
476 541 537 574 eui
558 543 673 587 turpe
695 543 825 586 caput,
845 540 908 574 cui
927 539 1093 586 plurima
1113 540 1257 582 cervix,

189 596 231 627 et
250 604 407 628 crurum
427 596 543 627 tenus
562 605 585 627 a
603 596 740 627 mento
759 591 930 640 palearia
950 592 1153 640 pendent3

189 649 274 680 tum
295 644 413 692 longo
434 645 565 680 nullus
585 646 699 681 lateri
718 644 880 687 m‹›dus;
908 647 1039 680 omnia
1058 658 1213 693 magna,

188 710 258 746 pes
280 700 425 741 etiam;
454 703 495 734 et
517 701 681 734 camuris
703 697 829 734 hirtae
849 698 920 734 sub
941 698 1123 734 cornibus
1142 710 1268 736 aures.
1315 701 1364 734 55

189 764 263 787 nee
284 751 382 787 mihi
401 751 611 799 displiceat
630 750 791 787 maculis
813 753 975 800 insignis
997 756 1038 787 et
1057 751 1156 797 albo,

187 809 255 840 aut
275 806 366 852 iuga
386 804 612 840 detrectans
632 803 910 853 interdumque
929 817 1066 852 aspera
1085 817 1207 841 cornu

188 862 230 893 et
249 856 389 893 faeiem
409 863 521 893 tauro
540 860 709 906 propior,
730 870 909 906 quaeque
929 857 1050 894 ardua
1069 862 1153 894 tota

189 914 231 946 et
250 910 435 959 gradiens
454 913 531 946 ima
551 914 672 947 verrit
692 913 856 958 vestigia
876 910 1009 946 cauda.

186 968 292 999 aetas
314 963 503 1000 Lucinam
524 967 724 1013 iustosque
744 967 826 1013 pati
847 964 1085 1013 hymenaeos
1315 961 1365 1000 60

189 1017 336 1053 desinit
355 1022 448 1054 ante
468 1017 619 1060 dcc-em,
641 1022 729 1066 post
749 1022 934 1066 quattuor
955 1019 1094 1065 incipit
1113 1030 1258 1061 annos;

187 1074 319 1106 cetera
340 1084 414 1107 nee
435 1071 587 1106 feturae
609 1070 748 1106 habilis
767 1083 841 1106 nee
860 1070 973 1106 fortis
992 1073 1139 1107 aratris.

187 1125 351 1167 interea,
372 1129 532 1172 superat
551 1124 738 1172 gregibus
758 1124 853 1159 dum
873 1123 978 1160 laeta
996 1126 1188 1168 iuventas,

187 1175 293 1212 solve
313 1189 462 1220 mares;
493 1180 609 1213 mitte
630 1180 669 1213 in
691 1177 888 1213 Venerem
909 1179 1091 1225 pecuaria
1111 1179 1274 1225 primus,

186 1234 307 1278 atque
327 1229 443 1265 aliam
467 1243 513 1266 ex
534 1231 609 1265 alia
630 1229 857 1279 generando
879 1230 1009 1266 suffice
1030 1231 1195 1278 prolem.
1314 1228 1362 1267 65

185 1285 339 1330 optima
359 1296 536 1332 quaeque
557 1282 641 1318 dies
661 1285 811 1318 miseris
830 1283 1061 1319 mortalibus
1081 1285 1167 1319 aevi

186 1338 314 1384 prima
333 1336 438 1384 fugit
456 1349 463 1379 3
495 1336 668 1372 subeunt
688 1337 812 1372 morbi
832 1338 1035 1385 tristisque
1056 1341 1238 1372 senectus

187 1393 228 1424 et
249 1389 372 1432 labor,
394 1394 435 1424 et
456 1389 577 1424 dume
599 1391 703 1438 rapit
724 1389 981 1425 inelementia
998 1391 1148 1426 mortis.

186 1454 342 1490 semper
362 1447 492 1486 erunt,
513 1455 678 1491 quarum
698 1444 842 1478 mutari
862 1455 1023 1490 corpora
1040 1441 1176 1479 malis:

185 1507 342 1543 semper
363 1497 469 1531 enim
489 1494 604 1532 refice
624 1508 680 1541 ae,
702 1508 751 1531 ne
772 1499 862 1544 post
880 1498 1021 1531 amissa
1040 1498 1226 1543 requiras,
1314 1498 1362 1534 70

185 1551 371 1583 anteveni
392 1552 433 1584 et
449 1548 625 1584 subolem
645 1553 824 1584 armento
845 1550 985 1584 sortire
1005 1552 1227 1598 quotannis.

241 1600 324 1636 Ne(-
344 1613 422 1636 non
443 1606 485 1636 et
503 1603 638 1650 pecori
659 1606 718 1637 est
740 1601 846 1636 idem
867 1600 1048 1638 delectus
1068 1604 1222 1649 equino.

186 1657 229 1688 tu
250 1653 380 1698 modo,
401 1667 496 1703 quos
518 1657 557 1690 in
578 1667 689 1703 spem
711 1659 860 1689 statues
880 1654 1115 1691 submittere
1136 1657 1280 1703 gentis,

438 1732 465 1751 ⁴⁸
489 1734 580 1771 quod
599 1733 723 1764 MPR:
746 1737 827 1771 quot
847 1732 910 1765 1112.

437 1776 465 1794 ²³⁰
491 1780 604 1815 pascet
618 1777 658 1807 P.

439 1818 466 1836 ⁵5
492 1819 569 1858 sub]
592 1830 665 1850 cun]
686 1818 750 1850 Ml.

439 1860 467 1879 ⁶⁰
491 1862 552 1892 tibi
570 1862 632 1893 Ml.

438 1903 464 1922 ⁶⁷
488 1905 681 1935 detractans
698 1906 766 1936 PR.

437 1946 464 1964 ⁶³
488 1948 646 1978 iuventus
663 1947 726 1986 Ml,
743 1947 909 1980 Priscian.

438 1988 466 2007 ί)
489 1999 529 2020 ex
547 1990 621 2021 aliis
637 1991 676 2022 P.
877 1992 905 2009 ὓς
929 1991 1039 2023 mavis
1054 1992 1103 2024 M.

188 2052 257 2086 158
