1430 2335
675 91 727 127 VI
737 91 866 128 RGIL

236 167 390 203 Aeneas
410 167 614 216 scopulum
635 168 787 204 interea
802 165 1034 203 conscendit
1047 172 1089 204 et
1100 179 1260 204 omrem
1286 170 1356 203 180

181 225 433 269 prospectum
454 220 533 256 late
554 219 694 268 pelago
715 223 829 269 petit,
850 219 1011 256 Anthea
1031 223 1061 256 si
1082 233 1199 270 quem

180 276 370 309 iactatum
391 278 509 310 vento
529 273 663 310 videat
684 273 951 323 Phrygiasque
971 273 1142 317 biremis,

180 331 250 363 aut
270 326 419 376 Capyn,
439 331 508 362 aut
528 325 640 363 celsis
660 328 700 361 iu
717 326 915 375 puppibus
935 339 1042 362 arma
1063 327 1181 364 Caici.

181 392 321 416 navem
343 382 383 414 in
403 384 621 428 conspectu
641 379 802 421 nullam,
823 381 893 415 tris
912 379 1028 416 litore
1048 392 1181 415 cervos

181 435 369 482 prospicit
389 435 571 477 errantis3
593 433 664 469 lios
683 437 768 469 tota
789 437 966 468 armenta
987 437 1205 482 sequuntur
1280 444 1357 468 mm

180 499 201 521 a
222 492 335 535 tergo
356 490 397 522 et
417 485 577 535 longum
600 499 669 535 per
690 485 799 522 vallis
818 487 991 534 pascitur
1010 499 1164 535 agmen.
1288 484 1357 521 186

182 542 362 575 constitit
384 538 446 575 hic
465 553 677 588 arcumque
698 552 816 574 manu
839 538 1055 588 celerisque
1076 542 1239 587 sagittas

181 594 383 642 corripuit,
402 592 502 628 fidus
522 606 621 642 quae
641 593 721 629 tela
740 592 904 641 gerebat
924 591 1111 636 Achates,

181 646 443 695 ductoresque
464 648 567 694 ipsos
588 648 772 694 primum,
793 648 921 694 capita
941 646 1020 681 alta
1042 645 1205 681 ferentis

181 699 362 735 cornibus
382 699 567 744 arboreis,
587 701 742 743 sternit,
762 703 848 734 tum
871 699 1006 747 volgus
1023 703 1064 734 et
1083 711 1242 734 omnem
1288 702 1358 740 190

182 754 323 788 miscet
341 766 463 801 agens
484 752 573 788 telis
594 765 753 788 nemora
773 754 878 788 inter
897 751 1062 787 frondea
1082 751 1234 787 turbam
1253 764 1260 794 3

182 818 255 842 nec
276 808 381 854 prius
401 805 569 850 absistit,
590 818 707 853 quam
729 810 885 854 septem
906 807 1086 853 ingentia
1107 807 1229 840 victor

182 871 343 908 corpora
377 858 518 894 fundat
546 858 654 894 humi
684 863 724 894 et
754 870 963 894 numerum
994 871 1083 894 cum
1113 858 1275 894 navibus

286 916 445 960 aequet.
923 939 927 943 .

182 965 276 1000 hinc
292 969 449 1013 portum
470 967 572 1013 petit
593 969 634 1001 et
654 966 777 1000 socios
797 966 967 1012 partitur
987 966 1027 999 in
1046 966 1184 1000 omnis.

186 1021 271 1054 vina
291 1019 417 1054 bonus
437 1031 536 1066 quae
557 1017 703 1053 deinde
724 1017 830 1053 cadis
850 1021 1031 1053 onerarat
1050 1017 1216 1053 Acestes
1288 1021 1357 1058 195

181 1071 296 1108 litore
318 1071 518 1107 Trinacrio
537 1071 784 1119 dederatque
804 1070 1042 1106 abeuntibus
1063 1070 1178 1107 heros

182 1125 338 1169 dividit,
360 1130 401 1161 et
421 1124 537 1160 (lictis
558 1125 774 1160 maerentia
795 1128 956 1172 pectora
976 1123 1149 1159 mulcet:

237 1182 259 1198 “
274 1179 309 1214 O
368 1180 461 1214 socii
515 1176 664 1228 (neque
724 1179 831 1213 enim
890 1179 1016 1225 ignari
1074 1190 1206 1213 sumus
1264 1182 1358 1214 ante

290 1229 511 1281 malorum),

183 1298 205 1320 o
226 1287 328 1334 passi
348 1287 537 1333 graviora,
558 1283 670 1319 dabit
690 1283 788 1319 deus
810 1282 869 1319 his
889 1295 1046 1332 quoque
1067 1282 1199 1320 finem.

183 1351 249 1374 vos
270 1343 311 1374 et
331 1337 551 1386 Scyllaeam
571 1337 719 1373 rabiem
739 1338 978 1385 penitusque
998 1339 1174 1373 sonantis
1283 1342 1359 1373 ⁴200

183 1393 348 1427 accestis
367 1390 560 1440 scopulos,
582 1403 647 1426 vos
667 1395 710 1426 et
729 1389 916 1439 Cyclopia
936 1402 1027 1425 saxa

184 1447 338 1493 experti
354 1456 363 1487 ;
392 1449 572 1480 revocate
591 1445 741 1479 animos
762 1447 1037 1492 maestumque
1056 1444 1238 1479 timorem

185 1500 358 1540 mittite3
388 1497 517 1533 forsan
540 1501 580 1533 et
600 1496 697 1532 haec
717 1496 810 1532 olim
830 1497 1056 1532 meminisse
1075 1497 1236 1533 iuvabit.

185 1564 255 1599 per
276 1553 398 1587 varios
418 1563 542 1595 casus,
564 1563 633 1598 per
653 1555 713 1586 tot
733 1549 959 1586 discrimina
978 1562 1108 1585 rerum

185 1604 387 1640 tendimus
406 1606 447 1640 in
470 1604 639 1649 Latium,
660 1603 773 1639 sedes
796 1603 860 1639 ubi
880 1602 960 1638 fata
979 1604 1134 1651 quietas

185 1657 426 1701 ostendunt3
455 1657 536 1692 illic
557 1656 614 1692 fas
634 1669 756 1705 regna
776 1668 984 1705 resurgere
1004 1655 1157 1693 Troiae.

186 1711 341 1755 durate,
362 1715 403 1747 et
423 1714 575 1746 vosmet
595 1710 711 1746 rebus
731 1714 885 1746 servate
905 1708 1125 1745 secundis.”

238 1764 348 1799 Talia
369 1777 462 1800 voce
483 1763 619 1808 refert,
641 1765 821 1812 curisque
842 1762 1074 1811 ingentibus
1093 1775 1212 1810 aeger

186 1830 296 1866 spem
318 1816 426 1853 voltu
449 1816 620 1861 simulat,
636 1819 782 1865 premit
801 1815 926 1852 altum
947 1815 1064 1852 corde
1085 1815 1274 1852 dolorem.

1285 1607 1307 1638 10

1311 1606 1359 1640 Ξ

613 1907 657 1925 ¹⁵¹³
684 1909 786 1939 humo
803 1908 907 1939 FMR.

614 1950 658 1969 ²⁰³
685 1952 797 1982 vultus
814 1950 874 1981 1³¹.

188 2012 263 2044 254
