1430 2335
661 88 853 126 VIRGIL

169 175 257 212 pars
277 163 448 211 spoliant
467 176 564 209 aras,
584 163 767 200 frondem
786 178 831 201 ac
851 165 1024 214 virgulta
1042 164 1226 216 facesque

168 218 379 254 coniciunt.
436 216 532 253 furit
551 219 734 254 immissis
754 218 949 255 Volcanus
968 219 1132 255 habenis

167 274 339 306 transtra
357 282 429 318 per
448 276 489 306 et
509 284 635 307 remos
656 276 696 308 et
716 274 841 320 pictas
860 273 991 309 abiete
1011 276 1164 321 puppis.

221 323 393 359 Nuntius
414 323 613 360 Anchisae
632 325 681 360 ad
702 326 897 361 tumulum
918 339 1142 376 cuneosque
1168 326 1316 363 theatri

166 379 347 412 incensas
365 376 516 425 perfert
533 380 642 414 navis
662 378 864 424 Eumelus,
882 383 925 416 et
944 381 1017 428 ipsi
1266 378 1341 416 665

166 432 384 478 respiciunt
401 435 527 467 atram
546 433 587 467 in
606 433 741 468 nimbo
759 432 924 468 volitare
946 432 1130 469 favillam.

167 486 315 532 primus
335 488 377 520 et
396 483 599 529 Ascanius,
620 498 754 521 cursus
773 490 818 521 ut
835 485 962 522 laetus
982 488 1175 535 equestris

166 537 350 583 ducebat,
370 539 424 573 sic
443 551 533 574 acer
553 551 654 587 equo
674 539 834 575 turbata
853 541 998 588 petivit

167 596 304 636 castra,
325 603 399 627 nec
419 594 619 628 exanimes
640 597 805 640 possunt
823 595 998 629 retinere
1019 595 1208 641 magistri.

168 647 293 694 “quis
326 644 433 681 furor
465 648 541 682 iste
571 647 722 682 novus?
755 659 832 695 quo
859 659 975 691 nunc,
1003 659 1080 696 quo
1109 644 1315 687 tenditis,'’

269 701 411 748 inquit,
1265 698 1342 737 670

167 752 310 788 “heu!
343 755 507 789 miserae
538 753 669 789 cives?
711 765 790 789 non
822 752 978 789 hostem
1007 755 1243 802 inimicaque

272 811 399 842 castra

166 860 370 908 Argivum,
391 864 540 895 vestras
560 871 648 908 spes
668 862 791 895 uritis.
847 872 896 895 en
918 872 993 908 ego
1014 865 1144 896 vester

168 914 359 949 Ascanius
376 913 382 949 !
398 912 420 924 '¹
475 913 628 961 galeam
648 918 742 949 ante
763 913 886 962 pedes
905 916 1073 962 proiecit
1091 915 1262 957 inanem,

167 980 242 1016 qua
262 966 356 1002 ludo
375 966 538 1002 indutus
557 966 653 1002 belli
670 966 876 1003 simulacra
895 967 1037 1003 ciebat.

166 1021 362 1057 accelerat
381 1020 495 1056 simul
516 1020 686 1064 Aeneas,
707 1020 822 1056 simul
840 1023 999 1069 agmina
1018 1020 1224 1057 Teucrum.
1266 1018 1340 1058 675

166 1079 227 1110 ast
246 1074 335 1110 illae
357 1073 510 1110 diversa
528 1078 639 1110 metu
660 1086 730 1122 per
748 1073 864 1109 litora
883 1076 1025 1122 passim

165 1127 379 1176 diffugiunt
398 1127 592 1176 silvasque
613 1131 654 1163 et
673 1127 796 1163 sicubi
818 1140 985 1163 concava
1008 1127 1146 1163 furtim

165 1194 255 1217 saxa
277 1186 443 1229 petunt3
474 1183 585 1229 piget
604 1183 754 1229 incepti
773 1180 962 1230 lucisque,
983 1192 1150 1229 suosque

166 1240 341 1271 mutatae
361 1234 624 1283 adgnoscunt,
646 1246 887 1283 excussaque
908 1238 1070 1283 pectore
1092 1233 1191 1269 Iuno
1212 1238 1283 1270 est.

219 1287 297 1324 Sed
317 1301 395 1323 non
416 1287 561 1323 idcirco
580 1287 758 1323 flammae
778 1293 898 1336 atque
917 1287 1102 1324 incendia
1121 1289 1211 1323 viris
1266 1285 1342 1323 680

164 1341 377 1378 indomitas
396 1353 584 1389 posuere3
613 1341 692 1377 udo
711 1341 783 1377 sub
802 1341 941 1377 robore
960 1343 1058 1377 vivit

165 1401 307 1444 stuppa
328 1407 488 1431 vomens
507 1394 664 1431 tardum
686 1394 852 1439 fumum,
870 1394 1086 1443 lentusque
1106 1396 1255 1430 carinas

165 1454 225 1485 est
245 1461 376 1497 vapor,
397 1453 438 1484 et
457 1452 543 1484 toto
563 1447 771 1484 descendit
790 1460 952 1497 corpore
972 1450 1106 1496 pestis,

164 1515 239 1539 nec
258 1504 360 1538 vires
380 1501 542 1538 heroum
564 1501 771 1551 infusaque
791 1501 951 1538 flumina
971 1505 1146 1550 prosunt.

164 1561 249 1592 tum
270 1558 356 1604 pius
377 1556 534 1591 Aeneas
555 1558 699 1592 umeris
717 1554 949 1591 abscindere
970 1559 1122 1591 vestem
1265 1552 1340 1590 685

164 1609 389 1658 auxilioque
411 1621 548 1645 vocare
568 1608 664 1645 deos
684 1613 725 1645 et
743 1608 911 1645 tendere
931 1608 1078 1657 palmas
1097 1623 1104 1644 ε

165 1668 188 1684 “
206 1663 387 1711 Iuppiter
414 1665 680 1711 omnipotenS,
709 1664 740 1698 si
768 1662 947 1698 nondum
977 1674 1117 1699 exosus
1145 1661 1194 1698 ad

272 1729 395 1752 unum

165 1770 365 1814 Troianos,
386 1772 416 1805 si
436 1769 530 1818 quid
549 1771 676 1818 pietas
695 1771 856 1818 antiqua
876 1769 1029 1805 labores

165 1826 325 1872 respicit
344 1823 550 1866 humanos,
571 1822 619 1858 da
639 1822 833 1858 flammam
855 1822 1023 1859 evadere
1044 1821 1156 1858 classi

272 1931 320 1951 ⁰⁸⁰
344 1933 500 1964 flammae
516 1930 602 1963 M2R
617 1945 625 1963 :
642 1932 815 1963 flammam
836 1930 956 1965 MlP²z
974 1932 1112 1963 flamma
1131 1930 1186 1964 ΡΙ.

271 1975 318 1994 ⁶⁸⁵
343 1976 521 2007 excindere
539 1976 596 2007 M.-
620 1975 793 2006 abscidere
809 1976 849 2006 R.

166 2045 241 2083 490
