1430 2335
649 74 704 111 VI
711 74 841 111 RGIL

645 197 843 221 MENALCAS

156 264 335 313 Phyllida
354 276 442 300 amo
461 268 555 300 ante
575 263 669 299 alias
685 276 692 299 :
721 276 813 298 nam
833 275 897 300 me
916 261 1122 300 discedere
1141 262 1261 307 flevit,

155 323 196 355 et
217 318 379 367 longum
401 321 423 338 “
436 316 618 362 formose,
641 316 740 362 vale,
759 315 845 353 vale
860 316 882 328 ”
902 318 1044 366 inquit,
1064 319 1089 338 “
1103 315 1239 352 Iolla.''

643 462 845 486 DAMOETAS

155 529 283 566 Triste
302 528 418 578 lupus
439 528 615 573 stabulis,
636 531 800 564 maturis
820 527 999 577 frugibus
1019 528 1175 575 imbres,
1285 528 1336 566 80

155 583 356 619 arboribus
378 585 500 627 venti,
523 582 634 618 nobis
657 581 912 631 Amaryllidis
933 584 1023 619 irae.

646 720 673 745 M
679 720 845 745 ENALCAS

158 787 285 824 Dulce
305 792 398 823 satis
419 799 543 832 umor,
563 785 739 835 depulsis
759 787 923 823 arbutus
942 785 1092 831 haedis,

156 842 265 878 lenta
285 840 382 877 salix
404 839 486 877 feto
506 842 651 889 pecori,
672 839 770 875 mihi
791 839 895 876 solus
917 839 1120 890 Amyntas.

648 961 850 986 omioni-As

159 1028 282 1064 Pollio
301 1033 406 1064 amat
428 1033 615 1073 nostram,
636 1030 812 1078 quamvis
833 1032 894 1064 est
913 1030 1070 1073 rustica,
1093 1027 1270 1067 Musam:

162 1081 346 1127 Pierides,
366 1081 531 1118 vitulam
551 1081 689 1119 lectori
709 1083 859 1131 pascite
880 1085 1020 1119 vestro.
1289 1082 1336 1120 85

651 1195 849 1220 MENALCAS

162 1262 284 1299 Pollio
304 1267 345 1299 et
365 1265 448 1311 ipse
469 1262 563 1298 facit
584 1275 683 1298 nova
705 1264 898 1299 carmina:
928 1264 1078 1310 pascite
1098 1266 1266 1307 taurum,

159 1319 236 1352 iam
256 1328 375 1352 cornu
397 1320 509 1365 petat
531 1321 572 1352 et
593 1315 760 1365 pedibus
780 1318 847 1365 qui
868 1320 1027 1365 spargat
1046 1314 1245 1352 harenam.

651 1446 853 1470 DAMOETAS

160 1511 240 1557 Qui
258 1516 313 1556 te,
336 1511 474 1556 Pollio,
493 1517 613 1557 amat,
634 1514 780 1556 veniat,
801 1524 879 1561 quo
899 1517 940 1548 te
962 1523 1120 1562 quoque
1139 1511 1312 1560 gaudet3

159 1564 278 1602 mella
297 1564 420 1602 fluant
440 1564 509 1611 illi,
530 1564 631 1601 serat
650 1570 691 1601 et
710 1565 831 1602 rubus
851 1577 965 1615 asper
984 1577 1192 1603 amomum.

650 1695 848 1719 MENALCAS

162 1761 242 1807 Qui
263 1760 425 1797 Bavium
445 1774 524 1797 non
545 1760 643 1806 odit,
662 1766 770 1798 amet
789 1766 858 1798 tua
878 1764 1063 1807 carmina,
1084 1760 1231 1808 Maevi,
1289 1763 1339 1801 90

162 1820 281 1864 atque
302 1813 407 1851 idem
427 1816 567 1863 iungat
587 1814 724 1864 vulpes
745 1819 786 1852 et
806 1814 984 1864 mulgeat
1004 1815 1141 1853 hircos.

164 2004 214 2042 24
