1430 2335
667 109 861 148 VIRGIL

176 187 231 221 sic
250 187 355 233 prior
374 184 601 235 adloquitur
617 198 624 222 :
655 189 678 206 “
693 189 779 235 quis
798 191 854 231 te,
876 185 1073 231 Palinure,
1091 185 1254 223 deorum

177 241 322 286 eripuit
341 239 454 274 nobis
474 238 686 288 medioque
705 240 778 276 sub
796 252 967 289 aequore
988 241 1155 276 mersit?

175 291 240 327 dic
258 304 343 341 age.
404 305 574 341 namque
595 293 706 338 mihi,
726 292 846 329 fallax
864 293 969 329 haud
988 298 1084 330 ante
1103 297 1297 343 repertus,

174 344 250 381 hoc
271 358 349 381 uno
368 358 556 395 responso
575 349 751 382 animum
772 346 920 383 delusit
939 347 1096 396 Apollo,

175 401 242 447 qui
261 398 346 435 fore
364 404 406 435 te
425 405 550 448 ponto
567 399 809 436 incolumem
827 399 993 449 finisque
1013 401 1179 436 canebat
1273 403 1348 437 345

173 457 387 488 venturum
406 453 612 489 Ausonios.
670 466 720 489 en
739 453 839 490 haec
859 456 1048 502 promissa
1066 453 1163 490 fides
1184 458 1244 490 est
1258 454 1273 490 ?
1286 453 1307 465 '’

174 504 242 542 ille
260 511 397 542 autem
412 519 420 542 ε
448 510 473 527 “
487 519 620 556 neque
638 511 681 543 te
703 506 852 543 Phoebi
872 510 1023 543 cortina
1041 506 1201 552 fefellit,

174 559 255 595 dux
274 559 531 606 Anchisiade,
549 573 623 597 nec
643 573 707 597 me
727 560 826 597 deus
843 573 1014 610 aequore
1032 563 1181 598 mersit.

172 626 345 662 namque
365 614 652 663 gubernaclum
671 613 797 651 multa
816 617 854 650 vi
872 614 977 651 forte
995 614 1205 660 revolsum,

174 669 238 703 cui
256 667 372 703 datus
393 668 604 704 haerebam
623 673 754 704 custos
773 681 986 717 cursusque
1005 668 1204 717 regebam,
1273 672 1350 704 350

173 723 440 769 praecipitans
458 724 562 758 traxi
580 734 748 758 mecum.
805 725 928 757 maria
945 734 1084 770 aspera
1103 724 1187 758 iuro

174 787 255 810 non
275 774 399 811 ullum
418 788 488 824 pro
508 788 573 811 me
592 780 750 811 tantum
770 778 922 824 cepisse
941 777 1139 820 timorem,

173 841 289 877 quam
310 834 378 864 tua
396 841 462 874 ne,
479 828 646 878 spoliata
663 831 794 874 armis,
812 842 974 866 excussa
990 831 1193 878 magistro,

173 881 365 918 deficeret
385 885 507 918 tantis
526 885 636 918 navis
655 883 911 931 surgentibus
929 882 1056 919 undis.

173 938 243 971 tris
263 935 392 972 Notus
413 935 597 972 hibernas
615 938 809 972 immensa
828 949 899 985 per
917 949 1088 985 aequora
1107 941 1244 973 noctes
1274 940 1348 973 355

172 991 280 1025 vexit
299 1002 363 1025 me
383 989 581 1026 violentus
599 1002 721 1038 aqua3
750 992 814 1025 vix
832 989 983 1026 lumine
1002 994 1142 1039 quarto

173 1045 358 1091 prospexi
378 1042 535 1079 Italiam
557 1056 709 1079 summa
729 1043 906 1079 sublimis
925 1044 974 1079 ab
993 1043 1112 1080 unda.

171 1096 363 1145 paulatim
383 1096 577 1133 adnabam
598 1102 750 1140 terrae3
778 1099 855 1133 iam
874 1101 962 1134 tuta
979 1097 1181 1143 tenebam,

171 1153 212 1185 ni
233 1163 332 1199 gens
353 1150 524 1187 crudelis
541 1150 701 1186 madida
721 1163 811 1186 cum
829 1156 940 1187 veste
960 1155 1178 1200 gravatum,

172 1209 509 1253 prensantemque
532 1208 641 1240 uncis
660 1205 842 1240 manibus
862 1207 992 1253 capita
1011 1217 1149 1253 aspera
1166 1206 1326 1249 montis,

171 1256 276 1293 ferro
296 1260 503 1294 invasisset
524 1257 790 1306 praedamque
810 1260 947 1306 ignara
966 1263 1156 1306 putasset.
1273 1257 1343 1295 361

170 1323 277 1347 nunc
296 1324 361 1347 me
380 1310 522 1347 fluctus
542 1311 664 1347 habet
684 1316 923 1360 versantque
941 1314 983 1347 in
1003 1311 1119 1348 litore
1140 1314 1260 1348 venti.

171 1364 277 1413 quod
298 1370 338 1401 te
359 1377 430 1413 per
449 1364 546 1401 caeli
566 1364 783 1401 iucundum
803 1365 939 1401 lumen
960 1369 1001 1401 et
1020 1378 1144 1410 auras,

172 1430 242 1466 per
261 1421 485 1467 genitorem
504 1431 581 1464 oro,
605 1431 676 1467 per
694 1431 784 1466 spes
802 1421 1001 1467 surgentis
1021 1418 1112 1463 Iuli,

171 1474 279 1520 eripe
301 1484 364 1508 me
384 1471 458 1516 his,
477 1474 640 1515 invicte,
659 1471 772 1507 malis
790 1484 798 1508 :
826 1477 895 1508 aut
913 1476 959 1508 tu
979 1471 1077 1507 mihi
1095 1476 1244 1508 terram
1272 1470 1347 1508 365

170 1528 274 1561 inice
294 1523 483 1576 (namque
505 1523 636 1575 potes)
655 1530 874 1574 portusque
893 1528 1050 1574 require
1071 1525 1231 1561 velinos
1248 1536 1256 1567 3

170 1583 239 1615 aut
259 1583 317 1623 tu,
337 1582 367 1614 si
388 1592 464 1628 qua
485 1582 546 1614 via
567 1584 641 1623 est,
661 1581 692 1614 si
712 1591 829 1628 quam
849 1577 924 1612 tibi
943 1579 1033 1614 diva
1053 1581 1223 1615 creatrix

171 1632 350 1669 ostendit
369 1631 518 1682 (neque
540 1635 660 1677 enim,
681 1631 810 1676 credo,
829 1633 919 1666 sine
939 1634 1101 1668 numine
1121 1632 1255 1668 divum

171 1685 332 1721 flumina
351 1691 462 1722 tanta
484 1699 596 1734 paras
616 1685 874 1736 Stygiamque
897 1690 1034 1722 innare
1053 1685 1272 1735 paludem),

171 1739 221 1774 da
244 1739 425 1776 dextram
445 1742 588 1776 misero
609 1744 650 1775 et
669 1744 802 1775 tecum
824 1754 887 1777 me
908 1739 1005 1776 tolle
1025 1752 1097 1788 per
1117 1738 1254 1784 undas,
1273 1739 1348 1776 370

173 1792 331 1830 sedibus
350 1798 397 1829 ut
416 1793 560 1830 saltem
581 1792 746 1842 placidis
765 1795 807 1829 in
825 1798 956 1830 morte
975 1792 1214 1842 quiescam.''

296 1875 341 1893 5⁷¹⁰
368 1876 591 1915 vis01·te]vix
609 1879 681 1907 arte
696 1876 735 1908 P.

297 1918 343 1937 ³⁵⁰
369 1920 525 1957 gerebam
542 1919 582 1950 P.

296 1960 343 1979 3³²
367 1962 463 1992 illum
477 1960 531 1992 Ml
550 1973 555 1992 :
573 1961 705 1993 nullum
720 1973 755 2001 γ.

296 2003 344 2023 358
364 2004 584 2045 punctuation
599 2005 688 2045 after
697 2005 864 2036 adnabam
873 2005 1047 2046 prefert-cd
1062 2005 1100 2046 by
1116 2004 1258 2037 Servius.

169 2064 241 2097 530
