1430 2335
653 83 848 121 VIRGIL

163 158 366 208 amplexus
386 158 541 208 placide
560 158 756 194 tumulum
772 158 985 207 lapsusque
1004 169 1076 205 per
1093 169 1189 202 aras,

163 212 367 249 caeruleae
388 215 450 248 cui
471 217 583 260 terga
602 217 721 248 notae
741 211 959 248 maculosus
979 216 1020 247 et
1039 223 1132 246 auro

163 278 364 315 squamam
383 265 626 301 incendebat
644 264 787 314 fulgor,
806 278 880 301 ceu
898 264 1068 300 nubibus
1087 276 1198 300 arcus

163 319 274 355 mille
294 321 387 355 iacit
406 321 532 355 varios
550 318 716 355 adverso
734 318 815 355 sole
835 317 993 354 colores.

164 373 358 421 obstipuit
377 375 460 409 visu
482 372 649 409 Aeneas.
705 372 772 408 ille
790 368 948 420 agmine
966 371 1086 419 longo
1288 371 1336 410 90

165 425 328 462 tandem
348 428 453 463 inter
471 431 627 474 pateras
646 430 688 461 et
705 425 807 461 levia
825 424 965 474 pocula
983 435 1145 472 serpens

166 479 382 528 libavitque
402 479 538 528 dapes,
558 491 768 528 rursusque
788 481 969 514 innoxius
988 480 1066 513 imo

166 536 353 569 successit
372 532 537 577 tumulo,
558 538 600 569 et
619 532 784 581 depasta
802 531 940 568 altaria
957 531 1083 580 liquit.

166 585 240 622 hoc
261 588 383 635 magis
403 589 583 634 inceptos
602 588 774 633 genitori
788 587 981 621 instaurat
1001 584 1182 628 honores,

166 642 354 684 incertus,
373 642 587 688 geniumne
607 639 683 675 loci
701 638 945 674 famulumne
964 639 1139 686 parentis
1288 638 1336 676 95

167 706 252 730 esse
271 698 388 742 putet
405 706 413 736 3
441 693 574 729 caedit
591 693 702 728 binas
721 692 771 728 de
791 705 898 728 more
915 691 1091 727 bidentis

167 751 305 796 totque
325 759 426 790 sues,
447 746 617 782 totidem
635 748 830 794 nigrantis
850 750 963 794 terga
980 747 1187 785 iuvencos;

168 803 335 849 vinaque
356 799 551 836 fundebat
570 802 716 848 pateris
735 802 985 848 animamque
1005 797 1170 833 vocabat

169 853 366 889 Anchisae
387 856 520 901 magni
541 853 749 901 Manisque
769 852 1000 888 Acheronte
1019 853 1210 887 remissos.
1259 861 1338 884 MPR

167 920 240 943 nec
260 920 339 942 non
360 912 401 942 et
419 909 526 951 socii,
546 919 645 955 quae
665 909 806 955 cuique
826 911 887 942 est
906 907 1028 954 copia,
1046 904 1143 940 laeti
1267 906 1339 937 100

167 960 269 996 dona
288 959 423 996 ferunt
439 972 447 1003 3
476 965 644 996 onerant
663 972 746 995 aras
766 964 1019 1008 mactantque
1040 960 1226 994 iuvencos
1242 967 1251 999 ;

167 1013 303 1050 ordine
323 1018 421 1049 aena
440 1013 574 1049 locant
592 1013 657 1048 alii
677 1012 832 1062 fusique
852 1025 923 1061 per
941 1012 1101 1048 herbam

168 1068 366 1103 subiciunt
380 1067 537 1103 veribus
556 1079 700 1116 prunas
720 1071 762 1103 et
780 1068 927 1102 viscera
947 1070 1110 1101 torrent.

219 1120 459 1169 Exspectata
479 1120 564 1156 dies
582 1119 733 1164 aderat,
755 1132 975 1168 nonamque
997 1131 1134 1154 serena

168 1174 359 1209 Auroram
382 1173 643 1210 Phaethontis
663 1175 754 1222 equi
773 1175 850 1208 iam
869 1173 956 1208 luce
977 1172 1190 1215 vehebant,
1267 1172 1337 1204 105

168 1227 349 1276 famaque
370 1227 556 1262 finitimos
576 1231 618 1263 et
637 1226 730 1262 clari
749 1239 893 1262 nomen
914 1226 1084 1262 Acestae

168 1284 342 1317 excierat
360 1293 368 1323 3
397 1281 503 1317 laeto
525 1280 777 1328 complebant
795 1280 911 1315 litora
931 1284 1061 1324 coetu,

167 1336 283 1370 visuri
304 1334 527 1378 Aeneadas,
548 1346 634 1382 pars
655 1339 696 1370 et
715 1338 867 1369 certare
887 1335 1021 1382 parati.

168 1400 330 1424 munera
350 1389 543 1436 principio
562 1391 655 1423 ante
675 1386 807 1423 oculos
826 1389 1006 1435 circoque
1025 1385 1204 1421 locantur
1239 1398 1339 1422 mma

167 1443 207 1476 in
227 1440 370 1485 medio,
390 1444 487 1476 sacri
508 1440 685 1489 tripodes
704 1440 925 1489 viridesque
946 1452 1113 1475 coronae
1267 1445 1339 1475 110

167 1500 209 1530 et
227 1494 394 1543 palmae,
415 1496 586 1542 pretium
608 1494 832 1537 victoribus,
852 1505 1037 1541 armaque
1058 1497 1099 1528 et
1118 1497 1224 1528 ostro

167 1548 350 1595 perfusae
371 1552 512 1591 vestes,
534 1549 689 1595 argenti
708 1549 870 1595 aurique
890 1546 1041 1582 talenta
1059 1558 1066 1589 ;

166 1606 207 1637 et
228 1601 323 1636 tuba
343 1603 568 1637 commissos
587 1600 720 1636 medio
739 1602 845 1636 canit
862 1612 1008 1648 aggere
1029 1599 1153 1636 ludos.

221 1654 348 1690 Prima
366 1667 479 1702 pares
498 1656 640 1690 ineunt
658 1654 840 1702 gravibus
859 1655 1074 1689 certamina
1095 1655 1211 1689 remis

165 1712 351 1756 quattuor
371 1721 417 1743 ex
439 1710 546 1743 omni
566 1707 746 1743 delectae
767 1706 889 1743 classe
909 1708 1074 1742 carinae.
1267 1710 1337 1742 115

227 1785 252 1801 *¹³
277 1787 372 1824 iacit]
389 1786 493 1816 trahit.
508 1787 549 1817 R.

225 1826 253 1845 ⁹³
276 1829 399 1866 linquit
417 1827 480 1859 JP.

226 1870 254 1888 ‘³⁶
279 1872 389 1903 caedit
408 1872 503 1901 bina<
521 1872 577 1902 M:
598 1872 779 1909 caeditque
795 1872 892 1902 binas
906 1872 956 1903 R:
977 1871 1088 1904 caedit
1104 1871 1223 1909 quinas
1238 1871 1310 1904 ΡΥ.

214 1912 259 1931 1⁰⁷
284 1914 501 1952 complebant
520 1915 579 1945 Δ1[.·
603 1915 813 1953 complerant
828 1915 898 1945 PR.

208 1954 255 1973 ¹¹²
281 1957 446 1988 talentum
467 1957 534 1987 MP
548 1971 557 1988 .-
582 1958 709 1988 talenta
726 1957 791 1995 FR,
809 1957 951 1988 Servius.

164 2020 238 2053 452
