1430 2335
657 83 850 119 VIRGIL

162 172 236 195 nec
257 171 356 208 quae
378 163 418 194 te
439 160 584 193 circum
604 162 713 194 stent
732 157 879 194 deinde
899 158 1075 207 pericula
1094 160 1234 203 cernis,

162 212 340 255 demens,
361 224 434 248 nec
454 211 655 260 Zephyros
674 211 785 247 audis
805 214 951 260 spirare
971 211 1196 248 secundos?

162 265 229 300 illa
248 264 359 301 dolos
378 264 587 313 dirumque
610 263 721 300 nefas
741 267 782 300 in
802 269 963 313 pectore
984 269 1128 309 versat,

164 323 273 354 certa
292 321 404 363 mori,
424 320 608 366 varioque
628 320 774 354 irarum
794 317 957 354 fluctuat
977 323 1101 354 aestu.

164 385 244 407 non
264 371 367 419 fugis
391 371 483 406 hinc
510 383 712 419 praeceps,
732 371 827 407 dum
850 373 1109 419 praecipitare
1134 370 1339 419 potestas?

163 427 241 460 iam
261 437 368 460 mare
387 425 537 460 turbari
556 425 732 460 trabibus
752 437 964 473 saevasque
987 424 1138 460 videbis
1264 420 1339 459 566

165 478 373 514 conlucere
393 476 511 522 faces,
531 480 606 512 iarn
631 477 783 514 fervere
803 477 918 513 litora
936 476 1114 522 flammis,

165 534 196 567 si
217 536 257 568 te
277 530 337 567 his
356 533 538 579 attigerit
556 533 673 566 terris
693 531 845 567 Aurora
864 535 1097 566 morantem.

165 585 255 621 heia
274 597 361 633 age,
379 597 518 633 rumpe
538 597 664 620 moras
685 584 691 619 1
746 587 896 619 varium
916 588 957 620 et
975 583 1166 620 mutabile
1186 594 1342 630 semper

166 637 351 674 femina.’'
409 640 463 673 sic
482 637 587 673 fatus
606 640 715 674 nocti
734 649 774 673 se
794 639 1006 673 immiscuit
1025 642 1146 674 atrae.
1267 637 1341 672 570

219 691 319 726 Tum
340 703 432 727 vero
453 691 609 727 Aeneas
628 691 767 727 subitis
787 693 1000 727 exterritus
1020 691 1167 726 umbris

167 747 327 793 corripit
347 757 368 780 e
388 757 525 780 50111110
545 757 682 792 corpus
702 746 904 793 sociosque
923 744 1067 791 fatigat
1084 758 1091 780 :

167 803 190 818 ‘⁶
208 800 444 847 praecipites
464 798 639 846 vigilate,
660 800 743 841 viri,
764 802 806 833 et
825 797 1018 833 considite
1038 798 1219 833 transtris
1237 808 1245 839 3

168 851 309 887 solvite
330 851 415 887 vela
436 853 514 887 citi.
572 850 670 886 deus
689 850 853 887 aethere
871 853 1011 886 missus
1031 851 1080 886 ab
1100 849 1180 885 alto

168 905 356 941 festinare
378 904 511 952 sugam
534 909 738 953 tortosque
758 903 935 940 incidere
955 903 1060 939 funis
1268 903 1342 939 575

167 971 260 995 ecce
280 960 425 994 iterum
444 957 677 993 instimulat.
720 960 921 1006 sequimur
936 962 990 1001 te,
1009 961 1145 992 sancte
1165 954 1343 999 deorum,

167 1013 340 1061 quisquis
361 1024 415 1057 es,
434 1013 678 1059 imperioque
698 1012 842 1046 iterum
863 1023 1044 1059 paremus
1064 1013 1237 1046 ovantes.

167 1065 269 1100 adsis
289 1077 311 1099 o
332 1063 588 1113 placidusque
610 1066 717 1100 iuves
737 1069 779 1100 et
799 1063 927 1099 sidera
947 1063 1055 1099 caclo

167 1118 309 1154 dextra
329 1117 468 1154 feras.'’
525 1117 625 1153 dixit
644 1119 866 1166 vaginaque
887 1119 1005 1165 eripit
1025 1128 1161 1152 ensem

168 1171 404 1207 fulmineum
424 1172 640 1219 strictoque
661 1170 754 1207 ferit
775 1169 994 1207 retinacula
1016 1169 1128 1206 ferro.
1271 1172 1345 1203 580

167 1224 273 1261 idem
290 1226 416 1260 omnis
437 1223 551 1259 simul
571 1223 685 1259 ardor
705 1223 848 1267 habet;
869 1225 1107 1272 rapiuntque
1124 1226 1321 1269 ruuntque
1338 1232 1346 1263 3

168 1278 283 1313 litora
305 1277 516 1313 deseruere
534 1290 542 1320 ;
572 1276 672 1313 latet
692 1277 764 1313 sub
784 1276 970 1312 classibus
991 1288 1137 1325 aequor
1156 1287 1164 1317 3

167 1332 304 1367 adnixi
323 1335 513 1379 torquent
533 1343 690 1378 spumas
711 1335 752 1366 et
772 1329 927 1365 caerula
948 1333 1119 1365 verrunt.

222 1384 274 1419 Et
293 1387 369 1419 iam
391 1386 515 1432 prima
535 1396 636 1419 novo
656 1384 867 1431 spargebat
887 1382 1036 1418 lumine
1056 1387 1181 1418 terras
1295 1392 1347 1415 MP

168 1437 332 1473 Tithoni
351 1449 530 1473 croceum
553 1436 737 1485 linquens
757 1437 909 1472 Aurora
929 1436 1070 1471 cubile.
1273 1437 1345 1469 585

168 1493 317 1536 regina,
339 1503 359 1526 e
380 1490 548 1538 speculis
569 1494 613 1525 ut
633 1492 800 1538 primum
821 1489 1022 1525 albescere
1042 1488 1172 1524 lucem

169 1544 268 1580 vidit
288 1548 330 1580 et
349 1545 526 1592 aequatis
546 1543 710 1579 classem
732 1542 948 1591 procedere
970 1542 1078 1586 velis,

169 1598 363 1646 litoraque
384 1602 425 1633 et
446 1609 587 1632 vacuos
607 1599 732 1632 sensit
752 1598 836 1632 sine
857 1598 1007 1643 remige
1028 1599 1178 1643 portus,

171 1656 309 1699 terque
330 1654 548 1699 quaterque
569 1663 686 1685 manu
709 1654 846 1698 pectus
867 1662 1048 1698 percussa
1067 1648 1253 1684 decorum

169 1705 429 1752 flaventisque
449 1703 618 1738 abscissa
638 1715 781 1747 comas,
797 1706 820 1722 “
838 1714 908 1751 pro
925 1701 1124 1750 Iuppiter!
1165 1700 1238 1735 ibit
1273 1701 1348 1739 590

169 1756 271 1802 1110,”
293 1759 362 1801 ait,
382 1760 407 1776 “
420 1761 462 1792 et
481 1758 624 1792 nostris
645 1755 825 1791 inluserit
846 1755 998 1791 advena
1018 1753 1180 1802 regnis?

214 1846 257 1865 ⁵⁶⁴
282 1848 375 1878 vario
393 1847 450 1877 M.-
480 1847 590 1876 varios
607 1846 673 1876 FP.
729 1846 870 1877 fluctuat
900 1846 958 1876 M.-
976 1845 1127 1876 concitat
1140 1843 1205 1874 FP.
1254 1845 1350 1872 aestu

170 1888 291 1921 FMabl
306 1899 311 1921 :
339 1893 452 1919 aestus
468 1890 517 1919 the
534 1889 621 1919 other
638 1889 732 1920 MSS.

214 1932 257 1951 ⁵⁶⁵
281 1933 376 1971 hinc]
393 1933 426 1962 in
448 1931 510 1962 Pl:
534 1933 589 1963 hic
606 1930 673 1963 Ml.
887 1929 929 1949 ⁵⁷⁶
972 1930 1111 1961 timulat.
1128 1929 1173 1966 M,
1194 1927 1336 1959 Servius.

213 1975 256 1994 ⁵⁸⁶
280 1976 422 2015 primam
437 1973 493 2006 ΡΧ.

175 2033 252 2065 434
