1430 2335
664 91 856 128 VIRGIL

169 169 369 205 barbarico
390 172 523 217 postes
543 181 636 204 auro
657 167 869 218 spoliisque
890 168 1050 217 superbi

169 232 437 280 procubuere;
466 235 611 267 tenent
633 229 774 275 Danai,
793 243 869 280 qua
890 230 1024 267 deficit
1044 232 1158 279 ignis.
1268 232 1341 265 505

223 296 245 313 “
261 292 442 329 Forsitan
458 284 513 337 et,
538 292 677 327 Priami
699 291 847 328 suerint
867 305 967 341 quae
989 292 1081 336 fata,
1101 294 1287 341 requiras.

170 355 276 391 urbis
297 356 355 390 uti
375 359 515 402 captae
536 366 668 409 casiun
688 353 949 403 convolsaque
971 353 1069 389 vidit

168 417 305 453 limina
326 421 524 453 tectorum
546 420 587 451 et
603 398 1136 466 Jffediumjnpenetralibus
1156 413 1327 457 hostem,

166 492 273 515 arma
293 478 360 515 diu
377 481 506 515 senior
526 477 692 514 desueta
711 477 976 514 trementibus
994 489 1090 512 aevo

131 566 138 569 J
166 540 387 591 circumdat
406 542 646 589 nequiquam
666 541 811 575 umeris
832 543 873 575 et
892 538 1035 575 inutile
1055 537 1202 574 ferrum
1270 541 1344 573 510

170 605 355 651 cingitur,
376 614 420 637 ac
441 601 585 637 densos
606 600 733 637 fertur
754 602 965 637 moriturus
988 602 1028 635 in
1052 598 1186 637 hostis.

167 664 330 701 aedibus
351 666 390 699 in
412 663 551 699 mediis
572 662 758 712 nudoque
778 662 850 699 sub
869 662 1043 699 aetheris
1062 675 1134 698 axe

169 730 309 776 ingens
330 739 395 761 ara
416 725 491 761 fuit
511 727 700 773 iuxtaque
720 727 931 761 veterrima
949 724 1093 769 laurus,

168 789 400 824 incumbens
420 799 509 823 arae
529 791 649 836 atque
669 787 807 822 umbra
826 786 1031 835 complexa
1053 786 1221 822 Penatis.

168 851 231 887 hic
253 850 423 886 Hecuba
443 854 485 885 et
505 854 622 884 natae
643 851 884 897 nequiquam
903 847 1041 884 altaria
1060 850 1220 894 circum,
1271 851 1344 884 515

169 914 408 961 praecipites
428 915 513 946 atra
534 923 604 946 ceu
628 914 871 958 tempestate
892 909 1111 955 columbae,

169 974 392 1010 condensae
415 977 456 1009 et
476 972 609 1008 divum
630 971 837 1020 amplexae
858 971 1065 1007 simulacra
1086 971 1291 1007 sedebant.

169 1040 295 1085 ipsum
316 1040 450 1071 autem
472 1036 638 1083 sumptis
665 1033 858 1069 Priamum
878 1032 1124 1069 iuvenalibus
1144 1035 1260 1068 armis

168 1103 212 1134 ut
233 1097 344 1142 vidit,
366 1101 375 1117 ‘
392 1108 491 1145 quae
513 1108 624 1131 mens
646 1099 727 1131 tam
748 1094 845 1139 dira,
864 1096 1082 1130 miserrime
1103 1096 1285 1138 coniunx,

112 1170 125 1178 ¹·
166 1158 328 1207 impulit
348 1158 407 1193 his
428 1159 534 1205 cingi
556 1156 672 1193 telis?
703 1161 771 1192 aut
791 1169 867 1205 quo
882 1157 996 1204 ruis?
1014 1155 1020 1167 ’
1050 1158 1189 1204 inquit.
1272 1159 1347 1191 520

168 1227 176 1242 ‘
190 1234 270 1257 non
292 1220 360 1256 tali
381 1219 526 1256 auxilio
546 1232 620 1255 nec
641 1217 915 1254 defensoribus
936 1220 1020 1254 istis

166 1289 324 1332 tempus
345 1287 440 1331 eget
458 1294 466 1325 ;
486 1293 579 1325 non,
600 1283 630 1316 si
651 1283 734 1329 ipse
755 1292 866 1315 meus
886 1292 991 1315 nunc
1007 1278 1163 1315 adforet
1183 1279 1345 1316 Hector.

168 1346 243 1381 huc
267 1343 428 1380 tandem
449 1342 623 1379 concede
643 1355 651 1384 ;
681 1341 777 1377 haec
798 1354 862 1377 ara
881 1342 1059 1377 tuebitur
1078 1343 1217 1384 omnis,

167 1412 237 1443 aut
252 1408 419 1442 moriere
441 1403 582 1440 simul.’
641 1406 695 1439 sic
711 1416 777 1439 ore
799 1403 914 1439 effata
935 1405 1088 1451 recepit

167 1468 216 1504 ad
238 1480 322 1504 sese
344 1471 386 1503 et
406 1479 511 1502 sacra
532 1465 769 1513 longaevum
792 1467 832 1500 in
853 1463 946 1500 sede
966 1464 1121 1500 locavit.
1273 1468 1346 1501 5⁶25

224 1535 246 1549 ‘'·'
262 1529 366 1565 Ecce
387 1533 522 1564 autem
544 1527 700 1575 elapsus
719 1525 857 1575 Pyrrhi
877 1525 928 1562 de
949 1526 1069 1562 caede
1092 1525 1252 1571 Polites,

170 1604 271 1628 unus
292 1596 475 1627 natorum
496 1589 650 1633 Priami,
671 1601 741 1637 per
761 1587 853 1632 tela,
875 1600 945 1636 per
964 1587 1100 1633 hostis,

169 1653 383 1702 porticibus
403 1651 532 1699 longis
553 1649 657 1698 fugit
677 1654 718 1685 et
738 1661 857 1684 vacua
877 1651 976 1684 atria
994 1648 1138 1685 lustrat

168 1717 332 1750 saucius.
392 1713 503 1748 illum
524 1711 668 1747 ardens
688 1710 835 1746 infesto
855 1709 1015 1763 yolnere
1039 1710 1208 1760 Pyrrhus

168 1778 406 1825 insequitur,
426 1777 503 1810 iam
524 1777 681 1823 iamque
702 1785 820 1808 manu
841 1777 957 1809 tenet
978 1777 1019 1808 et
1040 1775 1184 1821 premit
1206 1772 1327 1809 hasta.

170 1843 216 1874 ut
238 1837 400 1873 tandem
420 1841 515 1872 ante
536 1835 669 1871 oculos
691 1837 817 1871 evasit
836 1839 877 1870 et
897 1847 962 1870 ora
983 1839 1206 1882 parentum,
1273 1838 1339 1870 5531

170 1899 346 1936 concidit
366 1912 411 1935 ac
430 1897 557 1934 multo
579 1899 699 1933 vitam
719 1909 808 1932 cum
829 1898 1023 1945 sanguine
1044 1895 1158 1931 fudit.

256 1981 299 2000 ⁵⁰⁸
325 1981 445 2012 mediis
465 1979 516 2017 1¹2,
535 1980 645 2010 Amnon
663 1982 694 2010 ta
711 1979 853 2010 Sem-ias.
955 1976 997 1996 ⁵¹⁷
1023 1978 1180 2009 tenebant
1200 1978 1259 2010 211¹.

175 2041 249 2073 3⁶28
