1430 2335
674 67 866 103 VIRGIL

180 146 390 188 inventriX,
412 146 582 193 uncique
603 157 701 193 puer
720 148 960 181 monstrator
979 147 1110 190 aratri,

181 219 222 249 et
241 219 421 249 teneram
440 214 489 249 ab
510 213 641 250 radice
661 213 807 259 ferens,
826 213 996 258 Silvane,
1016 225 1266 263 cupressum;
1305 213 1354 250 20

180 283 299 331 dique
319 282 498 332 deaeque
519 295 669 328 omnes,
692 283 866 319 studium
887 283 1028 332 quibus
1047 296 1137 319 arva
1156 284 1272 328 tueri,

180 354 325 401 quique
345 365 463 388 novas
483 352 588 388 alitis
609 365 689 388 non
710 352 789 388 ullo
810 354 960 389 semine
980 351 1127 401 fruges,

179 423 324 470 quique
346 423 439 457 satis
460 421 613 470 largum
634 421 743 457 caelo
764 421 974 458 demittitis
994 422 1183 465 imbrem;

179 496 302 540 tuque
322 490 435 536 adeo,
455 504 573 540 quern
595 504 685 526 mox
705 503 805 540 quae
826 493 905 527 sint
920 490 1102 527 habitura
1122 491 1285 527 deorum

179 559 353 605 concilia,
376 563 572 596 incertum
594 565 668 605 est,
689 560 848 596 urbisne
868 562 1051 606 invisere,
1072 560 1224 605 Caesar,
1306 561 1353 598 25

178 635 451 678 terrarumque
473 629 569 666 velis
590 642 722 665 curam
743 634 785 666 et
804 634 845 665 te
867 632 1057 666 maximus
1077 630 1180 666 orbis

178 704 379 735 auctorem
400 698 559 748 frugum
578 703 945 748 tempestatumque
966 704 1174 748 potentem

177 771 356 817 accipiat,
378 770 541 817 cingens
562 773 742 805 materna
761 773 941 817 tempora
959 773 1103 818 myrto,

178 851 226 873 an
247 838 344 874 deus
365 840 547 874 immensi
568 840 702 874 venias
722 840 839 874 maris
859 850 903 874 ac
923 842 992 874 tua
1010 842 1156 875 nautae

178 909 339 955 numina
360 906 442 943 sola
461 907 606 952 colant,
626 907 700 944 tibi
720 909 865 944 serviat
884 906 1024 944 ultima
1044 907 1186 954 Thule,
1307 908 1357 945 30

178 982 298 1026 teque
319 977 391 1013 sibi
411 989 604 1025 generum
625 976 776 1026 Tethys
796 981 903 1014 emat
922 977 1102 1014 omnibus
1122 976 1251 1024 undis,

177 1059 281 1082 anne
302 1059 447 1082 novum
467 1046 590 1082 tardis
610 1046 716 1083 sidus
737 1051 779 1083 te
799 1047 1000 1083 mensibus
1020 1046 1154 1091 addas,

178 1129 253 1165 qua
274 1115 380 1151 locus
401 1115 601 1164 Erigonen
625 1118 730 1152 inter
750 1115 970 1166 Chelasque
991 1118 1194 1165 sequentis

178 1185 366 1233 panditur
384 1184 485 1235 (ipse
506 1186 580 1221 tibi
601 1188 677 1221 iam
697 1185 879 1221 bracchia
899 1185 1098 1222 contrahit
1117 1185 1259 1221 ardens

178 1254 359 1303 Scorpios
379 1259 420 1291 et
440 1255 538 1291 caeli
561 1257 663 1291 iusta
684 1254 771 1304 plus
792 1260 904 1303 parte
925 1254 1128 1304 reliquit):
1305 1256 1354 1293 35

178 1323 370 1373 quidquid
392 1326 467 1360 eris
490 1324 597 1372 (nam
617 1328 659 1360 te
680 1337 755 1360 nec
777 1328 939 1373 sperant
958 1323 1121 1361 Tartara
1141 1337 1276 1373 regem

178 1406 251 1429 nec
271 1393 344 1429 tibi
366 1393 559 1442 regnandi
581 1396 715 1430 veniat
735 1398 815 1429 tam
837 1393 922 1429 dira
941 1393 1096 1442 cupido,

178 1465 353 1512 quamvis
376 1462 528 1511 Elysios
548 1465 713 1499 miretur
733 1462 900 1499 Graecia
918 1476 1075 1512 campos

177 1545 251 1568 nec
272 1534 445 1581 repetita
465 1535 576 1581 sequi
597 1537 711 1568 curet
731 1532 963 1581 Proserpina
981 1532 1181 1582 matrem),

178 1601 227 1637 da
247 1600 403 1637 facilem
424 1614 593 1646 cursum,
609 1606 729 1651 atque
750 1601 962 1638 audacibus
977 1601 1107 1638 adnue
1124 1604 1286 1651 coeptiS,
1306 1602 1356 1640 40

178 1673 414 1720 ignarosque
435 1672 519 1707 viae
539 1683 697 1707 mecum
716 1673 925 1708 miseratus
944 1674 1111 1720 agrestis
1250 1684 1355 1708 AMPR

177 1739 389 1789 ingredere
410 1745 452 1776 et
473 1742 572 1777 votis
592 1742 670 1776 iam
690 1753 796 1776 nune
814 1740 1003 1777 adsuesce
1021 1743 1159 1777 vocari.

265 1841 292 1860 ²⁵
313 1840 458 1871 urbesne
475 1841 515 1871 M
530 1855 539 1872 .·
564 1841 703 1872 urbisne
721 1842 766 1881 (v.
784 1842 826 1873 A.
849 1842 986 1880 Gellius,
1006 1841 1110 1873 XIII.
1128 1850 1205 1874 XXI.
1222 1842 1268 1882 4).

265 1883 293 1901 ³⁵
317 1883 482 1924 relinquit
501 1885 535 1914 P.

264 1925 292 1945 ³5
317 1929 456 1967 sperent
472 1926 511 1957 M
517 1926 586 1964 2ΡΖ,
604 1925 751 1959 Servius.

179 1986 228 2023 82
