1430 2335
682 101 874 137 VIRGIL

189 179 324 214 incute
343 180 420 212 vim
442 179 570 213 ventis
587 177 887 226 submersasque
906 177 1027 213 obrue
1047 180 1201 226 puppis,

188 247 258 278 aut
276 254 350 290 age
371 241 545 277 diversos
565 245 606 277 et
626 239 748 277 disice
769 253 932 290 corpora
951 246 1085 290 ponto.
1320 243 1369 278 ΤΟ

189 310 281 341 sunt
302 304 398 340 mihi
419 306 477 341 bis
496 309 651 353 septem
672 308 891 353 praestanti
911 318 1072 353 corpore
1094 304 1302 354 Nymphae
1321 318 1328 342 :

190 382 354 419 quarum
375 382 476 419 quae
497 368 620 405 forma
640 368 918 418 pulcherrima,
940 368 1133 418 Deiopea,

191 433 361 469 conubio
380 435 542 481 iungam
568 432 700 468 stabili
721 435 998 481 propriamque
1018 432 1171 478 dicabo,

190 500 317 534 omnis
338 503 382 534 ut
399 503 534 534 tecum
553 499 705 533 meritis
724 510 794 546 pro
813 497 957 532 talibus
976 510 1099 533 annos

191 564 324 611 exigat
346 567 387 598 et
407 561 572 610 pulchra
592 560 711 597 faciat
731 566 772 597 te
792 560 901 609 prole
918 560 1161 609 parentem.'’
1321 562 1368 599 75

245 627 393 663 Aeolus
414 626 512 662 haec
533 630 671 662 contra
690 639 698 661 ι
727 630 868 670 “tuus‚
890 638 912 660 ο
933 628 1081 674 regina,
1101 625 1194 674 quid
1214 630 1341 674 optes,

191 691 396 739 explorare
416 690 549 733 labor3
579 689 676 725 mihi
696 692 798 726 iussa
819 702 1024 738 capessere
1044 689 1101 725 fas
1121 694 1193 725 est.

190 761 233 791 tu
255 755 352 790 mihi
373 755 651 804 quodcumque
674 753 750 789 hoc
769 757 896 802 regni,
916 759 960 790 tu
980 759 1135 803 sceptra
1157 753 1371 803 Iovemque

192 820 389 864 concilias,
408 824 451 855 tu
473 818 541 855 das
562 818 687 867 epulis
707 819 942 854 accumbere
963 818 1110 862 divum,

191 885 494 933 nimborumque
515 883 609 919 facis
631 888 998 932 tempestatumque
1021 882 1266 931 potentem.’'
1323 887 1371 919 80

249 949 359 985 Haec
380 949 447 984 ubi
467 947 586 993 dicta,
607 961 744 983 cavum
765 959 949 983 conversa
971 946 1131 996 cuspide
1152 952 1327 983 montem

192 1013 352 1062 impulit
373 1015 413 1048 in
435 1012 562 1055 latus;
590 1025 634 1047 ac
656 1013 778 1055 venti,
799 1011 909 1047 velut
929 1013 1086 1060 agmine
1108 1010 1222 1054 facto,

192 1091 267 1127 qua
288 1077 381 1113 data
403 1081 526 1125 porta,
548 1080 670 1112 ruunt
690 1081 731 1112 et
750 1080 873 1112 terras
893 1075 1050 1111 turbine
1070 1075 1247 1124 perflant.

192 1142 406 1178 incubuere
427 1143 523 1176 mari
544 1145 755 1189 totumque
775 1153 797 1175 a
817 1139 977 1176 sedibus
997 1141 1084 1175 imis

193 1219 269 1241 una
290 1205 495 1254 Eurusque
517 1204 723 1254 Notusque
744 1210 863 1240 ruunt
884 1204 1099 1253 creberque
1122 1204 1302 1253 procellis
1323 1208 1370 1241 85

194 1270 351 1306 Africus
373 1274 414 1305 et
436 1273 564 1304 vastos
587 1268 750 1304 volvunt
769 1268 819 1304 ad
841 1268 955 1304 litora
973 1267 1136 1315 fluctus3

192 1336 414 1384 insequitur
434 1333 659 1381 clamorque
681 1335 807 1368 virum
831 1332 1056 1381 stridorque
1076 1333 1298 1369 rudentum.

193 1401 367 1448 eripiunt
387 1398 517 1434 subito
538 1398 664 1433 nubes
685 1396 916 1446 caelumque
936 1397 1122 1446 diemque

193 1461 433 1499 Teucrorum
454 1474 503 1498 ex
523 1461 668 1504 oculis;
699 1465 821 1510 ponto
842 1474 918 1496 nox
940 1461 1100 1496 incubat
1118 1465 1212 1497 atra.

194 1530 407 1563 intonuere
429 1526 521 1575 poli,
543 1531 585 1562 et
606 1525 752 1561 crebris
773 1527 893 1560 micat
913 1524 1071 1573 ignibus
1090 1525 1241 1570 aether,
1322 1529 1373 1567 90

193 1596 524 1639 praesentemque
545 1592 635 1624 viris
657 1592 855 1625 intentant
875 1591 1005 1624 omnia
1023 1593 1204 1625 mortem.

195 1654 399 1703 extemplo
423 1654 583 1690 Aeneae
604 1653 811 1689 solvuntur
832 1652 976 1701 frigore
994 1652 1171 1688 membra
1188 1665 1197 1696 ;

194 1721 363 1765 ingemit
385 1723 424 1754 et
446 1717 614 1766 duplicis
635 1716 806 1752 tendens
826 1715 874 1752 ad
895 1715 1024 1751 sidera
1043 1716 1190 1765 palmas

193 1782 287 1817 talia
308 1794 401 1816 voce
423 1781 570 1817 refert:
602 1784 624 1800 ·“
639 1780 674 1816 O
694 1785 834 1829 terque
855 1785 1071 1829 quaterque
1092 1780 1210 1823 beati,

194 1848 280 1894 quis
300 1850 392 1880 ante
413 1857 478 1880 ora
500 1850 656 1893 patrum
678 1844 816 1880 Troiae
837 1844 908 1880 sub
928 1844 1131 1880 moenibus
1151 1844 1240 1879 altis
1322 1847 1371 1885 95

194 1911 364 1955 contigit
383 1908 600 1957 oppetere!
659 1908 694 1943 O
716 1907 900 1944 Danaum
920 1906 1134 1944 fortissime
1154 1910 1285 1956 gentis

642 1981 672 2001 ⁷⁰
698 1983 744 2021 et]
765 1985 823 2013 aut
839 1982 903 2014 311.

193 2036 268 2073 240¹
