1430 2335
621 106 677 144 VI
685 106 816 144 RGIL

125 196 203 220 non
225 187 389 232 coeptae
409 182 632 233 adsurgunt
651 187 790 228 turres,
810 195 890 219 non
910 196 1017 218 arma
1035 184 1220 219 iuventus

124 242 286 273 exercet
306 241 492 286 portusve
511 241 582 273 aut
601 236 897 285 propugnacula
916 236 1023 272 bello

124 295 213 326 tuta
232 295 398 339 parant3
426 289 608 338 pendent
627 303 745 338 opera
766 292 992 338 interrupta
1011 292 1221 339 minaeque

123 356 327 379 murorum
345 346 533 392 ingentes
552 348 800 393 aequataque
820 342 1002 379 machina
1021 343 1141 380 caelo.

178 396 306 441 Quam
327 397 443 433 simul
461 409 507 433 ac
525 396 597 433 tali
617 399 814 445 persensit
832 401 947 445 peste
965 399 1095 432 teneri
1254 399 1305 437 90

125 462 212 485 cara
234 450 336 486 Iovis
356 452 528 486 coniunx
547 462 621 486 nec
639 449 784 486 famam
805 450 961 486 obstare
981 449 1114 492 furori,

124 503 270 540 talibus
289 503 523 552 adgreditur
542 502 741 539 Venerem
761 502 944 539 Saturnia
963 503 1102 539 dictis:

125 560 150 577 “
163 559 367 606 egregiam
385 569 477 593 vero
498 556 657 592 laudem
677 561 719 593 et
738 556 863 604 spolia
881 556 1013 605 ampla
1030 556 1186 593 refertis

124 615 250 659 tuque
270 623 447 659 puerque
465 615 580 653 tuus3
609 623 798 659 magnum
814 615 855 646 et
873 610 1128 646 memorabile
1143 622 1304 652 numen,

125 677 203 699 una
224 664 316 700 dolo
335 664 470 700 divum
491 666 522 700 si
542 663 690 699 femina
708 666 812 699 victa
832 663 999 699 duorum
1021 668 1092 700 est.
1255 666 1303 704 95

124 729 200 753 nec
220 730 282 753 me
303 718 402 754 adeo
421 716 526 752 fallit
545 719 711 753 veritam
731 722 770 753 te
791 719 946 752 moenia
966 722 1098 753 nostra

125 775 329 819 suspectas
347 770 530 807 habuisse
549 770 685 806 domos
706 769 959 818 Karthaginis
978 770 1094 807 altae.

126 824 195 860 sed
218 826 304 874 quis
324 826 400 860 erit
418 824 572 868 modus,
590 828 661 859 aut
680 836 757 872 quo
777 836 882 859 nunc
902 826 1119 860 certamine
1139 824 1284 860 tanto?

125 880 221 926 quin
242 880 371 925 potius
391 891 530 926 pacem
548 882 754 913 aeternam
775 881 989 925 pactosque
1010 877 1252 925 hymenaeos

126 932 385 967 exercemus?
441 930 576 976 habes,
596 935 681 966 tota
700 930 804 979 quod
826 936 963 966 mente
983 933 1119 978 petisti
1139 944 1147 967 :
1233 935 1305 967 100

124 985 239 1020 ardet
258 997 394 1020 amans
415 983 521 1020 Dido
538 986 740 1033 traxitque
759 996 830 1032 per
849 996 933 1019 ossa
953 983 1137 1021 furorem.

125 1050 376 1074 communem
400 1036 505 1073 hunc
526 1050 620 1085 ergo
639 1037 830 1086 populum
850 1037 1087 1087 paribusque
1106 1051 1289 1087 regamus

125 1094 308 1139 auspiciis
327 1103 334 1133 ;
363 1091 483 1127 liceat
505 1090 676 1140 Phrygio
696 1093 842 1126 servire
863 1093 1004 1126 marito

126 1145 349 1193 dotalisque
368 1149 462 1180 tuae
482 1145 618 1193 Tyrios
638 1147 872 1193 permittere
892 1144 1095 1181 dextrae.’'

179 1197 261 1233 Olli
279 1198 423 1248 (sensit
441 1199 547 1234 enim
567 1197 752 1233 simulata
769 1202 906 1233 mente
927 1198 1112 1242 locutam,
1235 1202 1304 1235 105

126 1264 203 1300 quo
223 1263 392 1300 regnum
412 1250 552 1287 Italiae
570 1250 737 1300 Libycas
756 1255 957 1287 averteret
977 1250 1080 1301 oras)

126 1307 180 1341 sic
201 1310 338 1341 contra
358 1309 420 1341 est
437 1306 615 1353 ingressa
635 1304 791 1340 Venus:
819 1306 943 1353 “quis
963 1304 1057 1340 talia
1076 1305 1241 1341 demens

125 1358 275 1394 abnuat
294 1363 364 1394 aut
382 1363 516 1394 tecum
537 1358 650 1394 malit
668 1357 912 1394 contendere
931 1357 1049 1402 bello,

127 1414 158 1447 si
178 1411 309 1456 modo,
329 1411 431 1460 quod
453 1424 659 1455 memoras,
679 1410 827 1447 factum
848 1410 1007 1447 fortuna
1027 1412 1241 1460 sequatur?

127 1465 196 1501 sed
217 1465 308 1500 fatis
328 1468 479 1500 incerta
498 1464 616 1509 feror,
636 1467 666 1501 si
688 1464 871 1513 Iuppiter
887 1477 1007 1500 unam
1234 1468 1307 1500 110

127 1531 212 1554 esse
232 1517 330 1554 velit
349 1517 475 1567 Tyriis
493 1518 632 1554 urbem
651 1517 846 1567 Troiaque
867 1517 1054 1566 profectis

126 1573 333 1607 miscerive
354 1571 495 1620 probet
515 1571 682 1620 populos
700 1576 770 1607 aut
789 1571 950 1607 foedera
968 1573 1091 1621 iungi.

128 1630 172 1660 tu
192 1627 364 1661 coniunx
383 1637 391 1668 3
421 1625 493 1660 tibi
512 1624 570 1661 fas
588 1627 764 1661 animum
783 1629 984 1673 temptare
1004 1625 1214 1674 precando.

127 1691 262 1727 perge,
283 1678 461 1726 sequar.”
518 1683 605 1714 tum
625 1680 680 1714 sic
700 1680 859 1727 excepit
877 1681 987 1727 regia
1006 1678 1106 1714 Iuno
1124 1691 1131 1713 :

127 1736 144 1749 ⁸⁴
169 1744 327 1768 mecum
358 1734 433 1768 erit
464 1734 538 1768 iste
570 1732 690 1768 labor.
747 1745 854 1768 nunc
884 1744 962 1781 qua
989 1734 1144 1768 ratione
1174 1731 1278 1782 quod

251 1788 375 1821 instat
1234 1790 1248 1821 1
1261 1789 1305 1822 15

451 1846 478 1864 ³¹
504 1848 625 1887 furori]
644 1847 764 1887 pudori
779 1848 819 1879 R.

448 1888 551 1908 93'121
574 1902 596 1921 α
609 1891 694 1921 later
706 1890 799 1922 hand
814 1892 851 1922 i‘n
865 1891 901 1922 F.

447 1932 476 1951 ⁹⁴
500 1943 622 1964 nomen
639 1943 721 1964 some
735 1933 880 1973 inferior
897 1934 989 1967 MSS.

427 1974 471 1993 ¹⁰⁶
495 1976 693 2007 adverteret
706 1976 822 2008 known
836 1981 865 2008 to
882 1977 1024 2008 Servius.

428 2017 474 2036 ¹¹²
500 2019 636 2050 foedere
651 2018 766 2050 known
781 2024 811 2051 ιο
827 2020 971 2051 Servius.

128 2066 204 2098 402
