1430 2335
626 96 820 134 VIRGIL

137 171 392 217 Dardanium,
412 185 491 209 non
510 172 581 209 hos
601 176 822 222 quaesitum
840 184 983 209 munus
1001 174 1042 208 in
1060 185 1163 209 usus.

136 224 213 269 hic,
234 231 441 275 postquam
464 226 602 262 Iliacas
620 229 740 263 vestis
759 231 977 275 notumque
997 226 1127 262 cubile

137 281 356 327 conspexit,
375 279 534 328 paulum
554 279 722 316 lacrimis
742 285 784 316 et
802 285 939 316 mente
958 284 1107 316 morata

136 333 396 382 incubuitque
414 337 501 369 toro
520 333 699 382 dixitque
719 335 930 369 novissima
948 333 1088 369 verba:
1233 330 1310 367 650

137 388 161 405 “
177 384 314 423 dulces
333 388 508 431 exuviae,
528 386 623 423 dum
642 386 723 423 fata
742 387 919 436 deusque
939 387 1106 431 sinebat,
1235 396 1312 421 FMP

136 441 306 487 accipite
325 439 426 475 hanc
444 442 616 476 animam
635 453 778 489 meque
798 440 858 476 his
877 440 1068 476 exsolvite
1092 442 1204 476 curis.

138 494 216 527 vixi
236 498 289 537 et,
310 506 427 542 quem
447 493 614 530 dederat
632 507 787 530 cursum
807 493 993 538 Fortuna,
1012 496 1163 542 peregi,

138 549 181 581 et
200 558 305 582 nune
325 560 467 595 magna
486 549 562 583 mei
585 547 658 583 sub
678 553 804 584 terras
821 547 896 583 ibit
914 549 1056 595 imago¹

137 599 277 635 urbem
293 600 531 648 praeclaram
550 603 685 646 statui,
703 613 791 636 mea
808 603 964 637 moenia
982 599 1073 645 vidi,
1236 598 1311 635 655

139 651 222 688 ulta
243 655 365 689 virum
386 666 532 702 poenas
552 656 709 690 inimico
728 667 749 689 a
769 653 891 690 fratre
910 656 1056 702 recepi,

139 704 250 750 felix,
269 705 369 742 heu!
399 710 563 743 nimium
585 707 693 752 felix,
714 710 745 743 si
764 707 878 743 litora
896 711 1055 743 tantum

138 771 354 808 numquam
375 760 600 797 Dardaniae
618 763 848 809 tetigissent
867 765 1002 797 nostra
1021 761 1196 796 carinae!
1217 759 1235 770 ’'

139 811 241 848 dixit
261 818 302 850 et
322 826 363 850 os
382 816 571 862 impressa
590 819 688 859 toro,
709 817 957 850 “moriemur
976 813 1140 857 inultae,

140 865 209 901 sed
229 867 476 910 inoriamur‚''
497 870 564 903 ait.
621 872 645 888 “
659 870 726 913 sic,
746 870 801 904 sic
820 870 929 904 iuvat
947 870 1003 904 ire
1024 868 1096 903 sub
1118 867 1284 902 umbras.

139 918 295 956 hauriat
313 919 419 956 hunc
438 921 559 957 oculis
578 923 714 970 ignem
734 920 902 958 crudelis
920 921 970 957 ab
995 920 1076 957 alto
1236 917 1309 955 661

141 971 350 1009 Dardanus
369 979 411 1010 et
431 987 562 1010 secum
583 979 740 1011 nostrae
760 974 862 1011 ferat
881 976 1013 1010 omina
1030 973 1205 1010 mortis.'’

198 1026 377 1072 Dixerat,
396 1032 516 1076 atque
536 1027 644 1063 illam
665 1027 796 1064 media
814 1030 920 1064 inter
939 1027 1033 1064 talia
1052 1027 1156 1063 ferro

139 1081 366 1129 conlapsam
385 1084 581 1129 aspiciunt
601 1084 778 1126 comites,
799 1093 1015 1130 ensemque
1035 1093 1172 1117 cruore

139 1139 391 1184 spumantem
412 1147 640 1184 sparsasque
660 1148 808 1171 manus.
838 1137 870 1170 it
889 1134 1036 1170 clamor
1054 1133 1104 1170 ad
1123 1133 1205 1169 alta
1237 1130 1313 1169 665

138 1191 262 1231 atria;
290 1200 516 1224 concussam
536 1188 752 1224 bacchatur
772 1188 890 1224 Fama
910 1200 981 1236 per
1000 1187 1150 1224 urbem.

91 1259 93 1262 ·
138 1242 324 1278 lamentis
343 1244 575 1290 gemituque
596 1247 638 1278 et
655 1241 828 1278 femineo
847 1241 999 1277 ululatu

138 1301 248 1332 tecta
267 1294 457 1339 fremunt,
476 1300 632 1330 resonat
651 1298 804 1343 magnis
824 1295 1077 1343 plangoribus
1095 1293 1249 1338 aether,

139 1362 219 1385 non
238 1347 366 1391 aliter,
386 1361 502 1397 quam
524 1351 554 1383 si
573 1351 752 1384 immissis
772 1353 859 1384 ruat
878 1347 1055 1384 hostibus
1074 1350 1199 1383 omnis

142 1401 347 1450 Karthago
359 1407 429 1438 aut
443 1404 604 1450 antiqua
617 1401 752 1450 Tyros,
763 1401 1021 1450 flammaeque
1037 1401 1214 1437 furentes
1238 1397 1314 1437 670

140 1456 312 1491 culmina
331 1468 479 1504 perque
500 1454 703 1491 hominum
718 1455 924 1491 volvantur
943 1467 1091 1504 perque
1111 1454 1288 1490 deorum.

139 1509 265 1545 audiit
285 1511 489 1553 exanimis,
509 1509 745 1557 trepidoque
765 1511 957 1545 exterrita
976 1519 1091 1544 cursu

141 1562 339 1611 unguibus
359 1574 423 1597 ora
444 1574 552 1598 soror
570 1561 735 1598 foedans
756 1566 798 1598 et
817 1566 978 1610 pectora
997 1563 1140 1610 pugnis

141 1628 211 1664 per
230 1615 381 1651 medios
402 1618 480 1651 ruit
497 1628 543 1651 ac
562 1618 799 1651 morientem
820 1617 978 1650 nomine
998 1614 1141 1650 clamat
1157 1627 1166 1649 z

139 1673 163 1689 ‘³
180 1669 253 1705 hoc
272 1668 384 1713 illud,
404 1681 605 1716 germana,
621 1668 696 1704 fuit
711 1669 725 1704 ?
776 1680 840 1704 me
856 1667 995 1704 fraude
1010 1667 1204 1716 petebas?
1238 1665 1314 1704 (575

140 1722 215 1759 hoc
233 1735 353 1770 rogus
372 1724 447 1758 iste
468 1722 578 1767 mihi,
598 1722 672 1758 hoc
692 1724 804 1770 ignes
823 1733 993 1770 araeque
1012 1721 1233 1769 parabant?

268 1816 311 1835 ⁶⁵¹
338 1818 495 1849 sinebant
512 1816 597 1849 FP2.

266 1859 309 1878 ⁶⁰²
332 1870 445 1891 secum
462 1865 596 1891 nostrae
614 1860 671 1891 M.-
694 1862 831 1892 nostrae
848 1868 961 1892 seeum
978 1860 1066 1892 other
1077 1860 1172 1892 MSS.

265 1902 308 1920 ⁰⁶⁸
332 1903 547 1941 clangoribus
563 1904 602 1934 P.

267 1945 310 1964 ⁰⁶⁹
334 1946 400 1976 ruit
425 1943 480 1976 Pl.

263 1986 306 2010 ⁵⁷¹
334 1988 518 2019 volvuntur
535 1986 590 2021 ΡΙ.

139 2058 215 2089 440
