1430 2335
664 67 857 105 VIRGIL

223 144 399 181 Dixerat.
456 144 524 180 ille
543 146 665 194 patris
684 147 819 194 magni
839 157 976 194 parere
996 146 1160 194 parabat

168 208 347 255 imperio,
369 210 410 242 et
429 208 601 255 primum
621 206 789 255 pedibus
809 206 949 242 talaria
968 209 1096 243 nectit

168 280 297 311 aurea,
319 279 418 316 quae
439 267 650 304 sublimem
669 267 739 303 alis
760 269 840 303 sive
859 280 1030 317 aequora
1051 281 1168 318 supra
1271 274 1347 306 240

168 342 236 366 seu
257 334 402 365 terram
422 329 559 378 rapido
579 332 728 378 pariter
748 341 836 364 cum
856 328 1013 365 flamine
1033 335 1205 378 portant.

168 394 254 426 tum
275 393 424 439 virgam
446 392 550 440 capit
569 403 578 434 ;
607 390 680 426 1130
700 392 849 426 animas
869 390 936 427 ille
958 396 1095 427 evocat
1116 392 1221 428 Orco

168 452 368 501 pallentis,
388 451 482 488 alias
502 452 574 488 sub
595 451 756 487 Tartara
777 454 903 488 tristia
924 454 1063 497 mittit,

167 514 237 550 dat
257 525 412 550 somnos
431 513 651 562 adimitque
673 518 715 549 et
734 513 884 548 lumina
903 519 1031 550 morte
1052 517 1235 563 resignat.

167 576 233 612 1113
253 576 379 612 fretus
399 578 483 624 agit
502 580 642 612 ventos
664 580 705 611 et
726 574 884 611 turbida
904 580 1035 612 tranat
1273 581 1347 614 245

167 637 313 674 nubila.
345 639 501 686 iamque
521 637 656 673 volans
675 639 830 686 apicem
850 642 891 673 et
911 637 1036 674 latera
1056 638 1178 675 ardua
1198 641 1324 675 cernit

168 699 344 735 Atlantis
364 699 465 743 duri,
486 698 639 734 caelum
660 701 726 747 qui
747 700 895 735 vertice
917 698 1041 745 fulcit,

168 761 357 804 Atlantis,
378 763 553 796 cinctum
573 756 737 797 adsidue
759 762 820 796 cui
841 760 1011 797 nubibus
1031 764 1125 798 atris

167 822 380 872 piniferum
401 827 520 871 caput
540 827 582 858 et
601 826 722 857 vento
742 821 920 871 pulsatur
942 827 982 858 et
1003 823 1116 859 imbri
1135 835 1144 867 3

168 887 234 920 nix
255 897 411 920 umeros
431 883 558 919 infusa
579 885 705 931 tegit3
738 888 822 919 tum
843 883 1002 919 flumina
1021 890 1158 921 mento
1273 889 1349 921 250

168 945 433 992 praecipitant
452 945 568 987 senis,
589 947 630 978 et
650 942 776 991 glacie
796 945 900 990 riget
920 942 1077 979 horrida
1098 944 1226 980 barba.

167 1002 231 1038 hic
253 1005 423 1050 primum
444 1001 601 1050 paribus
622 1003 754 1037 nitens
775 1001 978 1050 Cyllenius
998 1002 1069 1038 alis

168 1063 375 1104 constitit3
404 1059 496 1096 hinc
516 1064 602 1095 toto
623 1072 813 1109 praeceps
834 1072 875 1096 se
896 1072 1058 1109 corpore
1077 1061 1127 1097 ad
1149 1061 1272 1097 undas

168 1125 277 1159 misit
295 1125 356 1158 avi
376 1122 524 1164 similis,
546 1134 645 1170 quae
666 1123 811 1157 circum
833 1122 960 1167 litora,
981 1124 1127 1158 circum

168 1187 339 1233 piscosos
359 1182 540 1232 scopulos
560 1182 719 1219 humilis
741 1183 845 1218 volat
865 1196 1035 1232 aequora
1055 1186 1174 1220 iuxta.
1273 1189 1347 1221 255

168 1245 274 1281 haud
296 1245 412 1281 aliter
431 1250 555 1281 terras
575 1246 680 1280 inter
699 1244 932 1294 caelumque
953 1245 1109 1281 volabat

168 1308 261 1344 litus
280 1306 518 1343 harenosum
539 1306 589 1341 ad
611 1306 774 1356 Libyae,
794 1311 1013 1356 ventosque
1034 1308 1192 1344 secabat

169 1374 349 1405 materno
370 1370 532 1405 veniens
552 1367 601 1403 ab
621 1380 693 1403 avo
714 1367 892 1418 Cyllenia
913 1369 1054 1417 proles.
1297 1382 1349 1406 ΜΡ

169 1436 213 1468 ut
232 1433 402 1480 primum
421 1429 536 1466 alatis
556 1431 694 1478 tetigit
713 1429 881 1478 magalia
902 1430 1061 1479 plantis,

169 1490 337 1526 Aenean
357 1489 594 1525 fundantem
614 1501 722 1524 arces
742 1501 786 1524 30
807 1493 915 1525 tecta
934 1494 1149 1526 novantem
1274 1488 1350 1526 ‘260

169 1550 372 1598 conspicit.
429 1551 549 1596 atque
570 1545 627 1581 illi
648 1546 828 1583 stellatus
848 1548 1000 1596 iaspide
1023 1547 1128 1584 fulva

169 1609 272 1643 ensis
294 1611 390 1650 erat,
411 1605 608 1655 Tyrioque
629 1604 795 1641 ardebat
814 1608 961 1642 murice
981 1606 1095 1642 laena

169 1666 338 1701 demissa
359 1677 407 1701 ex
427 1666 586 1709 umeris,
607 1662 716 1700 dives
737 1677 837 1713 quae
858 1677 1021 1701 munera
1042 1664 1148 1700 Dido

170 1723 334 1769 fecerat,
355 1729 396 1760 et
416 1725 528 1759 tenui
548 1721 649 1759 telas
670 1723 910 1759 discreverat
930 1737 1036 1762 auro,

170 1785 360 1819 continuo
379 1782 555 1818 invadit:
584 1784 608 1801 “
622 1786 665 1817 tu
686 1794 789 1817 nunc
813 1781 1066 1832 Karthaginis
1085 1782 1191 1819 altae
1274 1782 1348 1820 ‘265

171 1841 431 1877 fundamenta
452 1841 555 1876 locas
575 1839 859 1889 pulchramque
880 1844 1036 1877 uxorius
1058 1842 1195 1878 urbem

300 1907 344 1927 2³²
370 1912 503 1949 portent
524 1908 586 1940 Α111.
850 1908 893 1927 ²4³
916 1911 1040 1950 mittit]
1057 1910 1147 1942 ducit
1163 1908 1218 1942 ΡΙ.

302 1952 344 1970 ²⁵⁷
369 1953 410 1983 ad
430 1951 473 1982 Ι)2
492 1962 497 1982 :
523 1962 559 1982 ac
578 1953 614 1982 M
632 1965 640 1983 :
660 1962 700 1982 ao
717 1951 772 1983 P¹.

174 2011 248 2042 412
