1430 2335
684 99 878 136 VIRGIL

192 178 298 215 unde
318 181 424 228 prius
443 177 594 214 laetum
614 176 754 226 siliqua
773 181 985 226 quassante
1004 176 1193 225 legumen

190 243 260 274 aut
278 240 409 274 tenuis
428 236 534 273 fetus
555 238 678 272 viciae
698 238 901 285 tristisque
922 235 1049 284 lupini
1321 236 1370 273 75

191 296 395 332 sustuleris
415 295 564 344 fragilis
584 295 753 331 calamos
772 294 987 344 silvamque
1008 298 1226 330 sonantem.

191 359 270 392 urit
290 358 395 391 enim
415 355 486 390 lini
506 367 689 403 campum
709 367 838 402 seges,
856 356 936 390 urit
954 366 1117 398 avenae,

193 419 312 451 urunt
334 413 512 451 Lethaeo
533 413 693 462 perfusa
712 426 905 462 papavera
924 425 1062 449 somno
1078 427 1084 449 :

191 473 261 511 sed
280 479 416 510 tamen
435 473 600 509 alternis
620 471 745 508 facilis
766 472 887 517 labor,
907 471 1015 508 arida
1034 476 1192 508 tanturn

191 546 242 570 ne
262 538 438 570 saturare
458 532 548 568 fimo
568 534 706 581 pingui
726 531 875 580 pudeat
895 531 975 567 sola
995 543 1096 567 neve
1320 530 1371 568 80

192 592 330 629 effetos
350 594 521 628 cinerem
545 590 793 626 immundum
813 593 958 626 iactare
979 602 1049 638 per
1069 601 1194 638 agros.

191 654 245 688 sie
265 663 421 701 quoque
441 652 604 687 mutatis
625 652 878 699 requiescunt
898 648 1046 685 fetibus
1065 661 1167 693 arva,

191 724 265 748 nec
286 710 394 747 nulla
413 712 564 746 interea
586 714 647 745 est
666 711 841 744 inaratae
860 711 987 757 gratia
1007 713 1146 744 terrae.

191 782 309 819 saepe
329 772 450 806 etiam
470 767 626 805 steriles
646 767 861 803 incendere
882 766 1031 815 profuit
1050 778 1162 814 agros

190 834 310 879 atque
331 828 459 865 levem
475 826 662 876 stipulam
679 826 967 875 crepitantibus
983 838 1097 861 urere
1115 824 1279 860 flammis
1294 836 1303 868 3
1323 824 1371 861 85

192 892 272 925 sive
292 887 386 924 inde
407 886 580 923 occultas
601 889 701 922 vires
722 890 765 921 et
783 884 928 934 pabula
947 889 1077 921 terrae

191 949 354 997 pinguia
372 948 615 995 concipiunt,
636 947 717 981 sive
738 943 814 980 illis
835 955 952 980 omne
973 955 1044 992 per
1065 945 1201 990 ignem

193 1008 424 1055 excoquitur
444 1007 583 1040 vitium
603 1008 723 1052 atque
745 1002 913 1039 exsudat
932 1001 1084 1038 inutilis
1105 1013 1229 1046 umor,

192 1078 260 1101 seu
281 1065 402 1113 pluris
423 1063 527 1099 calor
546 1062 612 1099 ille
635 1065 714 1098 vias
734 1067 776 1098 et
797 1073 914 1098 caeca
933 1060 1085 1097 relaxat

192 1126 444 1173 spiramenta,
465 1135 584 1158 novas
604 1124 737 1157 veniat
757 1134 833 1170 qua
853 1133 967 1157 sucus
987 1122 1028 1156 in
1048 1119 1200 1165 herbas,
1323 1120 1372 1158 90

192 1196 260 1220 seu
281 1182 398 1219 durat
416 1184 540 1230 magis
561 1186 602 1217 et
621 1193 740 1217 venas
760 1180 972 1228 adstringit
993 1179 1151 1225 hiantis,

192 1255 243 1279 ne
262 1247 404 1279 tenues
425 1241 580 1290 pluviae
601 1239 778 1289 rapidive
799 1241 981 1288 potentia
1001 1238 1092 1275 solis

192 1304 316 1338 acrior
335 1305 403 1337 aut
425 1300 573 1336 Boreae
594 1298 844 1348 penetrabile
864 1297 989 1347 frigus
1008 1297 1160 1334 adurat.

248 1361 420 1397 Multum
440 1359 554 1404 adeo,
569 1361 702 1395 rastris
722 1358 882 1407 glaebas
903 1359 969 1406 qui
989 1355 1138 1405 frangit
1156 1358 1294 1392 inertis

194 1423 462 1468 vimineasque
482 1417 605 1454 trahit
625 1422 765 1462 crates,
786 1419 896 1452 iuvat
915 1429 1019 1461 arva,
1040 1427 1171 1464 neque
1191 1414 1303 1450 illum
1324 1415 1372 1452 95

193 1480 290 1516 flava
310 1479 427 1515 Ceres
446 1477 527 1514 alto
546 1479 788 1526 nequiquam
808 1480 963 1525 spectat
985 1474 1180 1524 Olymp03
1341 1465 1347 1470 ’

195 1544 237 1576 et
256 1541 335 1588 qui,
355 1539 546 1587 proscisso
567 1548 667 1585 quae
688 1537 853 1571 suscitat
871 1546 1043 1583 aequore
1063 1538 1188 1581 terga,

194 1611 324 1635 rursus
344 1600 384 1633 in
405 1596 608 1645 obliquum
629 1607 740 1631 verso
760 1595 982 1643 perrumpit
1002 1597 1143 1637 aratro,

195 1662 434 1705 exercetque
454 1655 641 1704 frequens
661 1653 847 1690 tellurem
867 1658 987 1701 atque
1007 1654 1175 1700 imperat
1194 1652 1304 1686 arvis.

251 1715 395 1752 Umida
414 1713 582 1751 solstitia
600 1718 720 1762 atque
741 1712 892 1748 hiemes
912 1716 1022 1747 orate
1043 1723 1215 1755 serenas,
1299 1708 1373 1747 100

196 1774 389 1823 agricolae
407 1786 414 1809 :
444 1773 613 1809 hiberno
631 1772 846 1808 laetissima
865 1770 1028 1819 pulvere
1049 1769 1161 1814 farra,

196 1834 323 1870 laetus
343 1845 461 1881 ager;
490 1831 600 1868 nullo
619 1835 778 1868 tantum
798 1842 839 1866 se
861 1829 989 1879 Mysia
1009 1827 1118 1864 cultu

196 1896 318 1929 iactat
338 1897 380 1928 et
399 1894 483 1940 ipsa
503 1903 589 1926 suas
609 1892 804 1926 mirantur
824 1889 999 1937 Gargara
1016 1898 1173 1923 messes.

367 1966 396 1986 ⁸²
419 1967 633 2007 requiescent
649 1965 688 1996 R.
866 1964 909 1982 ¹⁰²
933 1962 1062 1994 Moesia
1078 1961 1165 1993 AP2.

198 2029 245 2066 86
