1430 2335
639 102 832 138 VIRGIL

148 181 214 229 qui
233 184 366 215 tamen
387 180 510 213 aerias
530 177 654 214 telum
675 180 867 214 contorsit
886 180 926 213 in
945 189 1069 222 auras,
1248 181 1323 214 520

147 242 351 275 ostentans
369 242 575 286 artemque
597 242 710 285 pater
728 239 940 286 arcumque
961 241 1179 273 sonantem.

148 296 212 332 hic
231 296 353 332 oculis
372 296 545 332 subitum
565 296 733 331 obicitur
751 308 973 344 magnoque
993 294 1169 331 futurum

148 357 311 404 augurio
329 359 572 397 monstrum3
602 354 738 390 docuit
756 359 847 403 post
866 356 994 390 exitus
1014 356 1156 403 ingens

149 427 312 463 seraque
330 412 491 450 terrifici
509 415 740 449 cecinerunt
759 415 890 449 omina
910 418 1029 449 vates.

148 485 319 522 namque
339 472 474 508 volans
494 471 651 521 liquidis
670 474 711 507 in
731 472 900 508 nubibus
920 473 1013 507 arsit
1033 469 1210 507 harundo
1252 473 1325 506 525

149 533 397 580 signavitque
419 533 520 566 viam
540 530 703 566 flammis
724 533 933 580 tenuisque
953 532 1118 566 recessit

149 594 383 638 consumpta
400 591 441 625 in
461 594 613 635 ventos,
633 589 741 626 caelo
761 602 832 626 ceu
853 601 970 638 saepe
990 588 1108 625 refixa

149 653 422 685 transcurrunt
441 650 668 697 crinemque
687 648 861 684 volantia
879 647 1007 684 sidera
1021 647 1182 683 ducunt.

149 710 329 744 attonitis
350 707 511 743 haesere
531 710 684 752 animis,
705 719 946 756 superosque
967 708 1117 755 precati

149 766 341 802 Trinacrii
356 766 577 815 Teucrique
599 768 668 802 viri
685 779 693 809 ;
723 779 797 802 nec
817 768 1009 802 maximus
1029 777 1145 801 omen
1255 767 1330 799 530

149 825 289 861 abnuit
310 825 478 869 Aeneas,
499 824 568 861 sed
589 824 737 861 laetum
757 824 963 874 amplexus
984 823 1160 860 Acesten
1321 825 1325 831 '

150 884 378 920 muneribus
397 883 573 920 cumulat
591 886 745 932 magnis
764 896 808 919 ac
828 883 923 919 talia
944 882 1071 919 fatur:

153 947 175 963 “
190 955 313 987 sume,
334 947 469 991 pater:
501 955 591 978 nam
612 947 653 978 te
674 942 799 978 voluit
818 954 885 978 rex
904 954 1070 990 magnus
1091 939 1251 989 Olympi

151 1001 295 1038 talibus
315 1003 496 1050 auspiciis
517 1005 714 1037 exsortem
736 1000 882 1037 ducere
903 1000 1083 1036 honores.

151 1063 272 1108 ipsius
293 1059 491 1096 Anchisae
512 1059 696 1108 longaevi
716 1059 789 1095 hoc
810 1072 952 1095 munus
971 1058 1147 1102 habebis,
1257 1059 1329 1093 535

153 1124 303 1155 cratera
323 1121 555 1168 impressum
577 1121 712 1166 signis,
731 1131 849 1166 quem
869 1117 1057 1153 Thracius
1077 1116 1168 1152 olim

154 1177 350 1213 Anchisae
370 1179 539 1226 genitori
560 1179 600 1212 in
620 1190 764 1225 magno
784 1189 947 1212 munere
969 1176 1122 1211 Cisseus

153 1236 255 1272 ferre
275 1239 332 1272 sui
352 1236 519 1272 dederat
538 1240 839 1272 monumentum
861 1240 902 1271 et
922 1237 1064 1283 pignus
1083 1232 1262 1269 anioris.''

153 1295 207 1331 sic
229 1294 331 1330 fatus
352 1297 476 1343 cingit
496 1295 683 1331 viridanti
704 1299 885 1343 tempora
905 1294 1013 1329 lauro

154 1359 196 1391 et
214 1357 383 1402 primum
396 1359 489 1390 ante
503 1356 629 1389 omnis
642 1357 832 1390 victorem
844 1352 1020 1401 appellat
1036 1352 1221 1387 Acesten.
1259 1354 1334 1386 540

154 1426 227 1449 nec
247 1413 372 1449 bonus
389 1413 583 1462 Eurytion
604 1412 778 1461 praelato
798 1411 941 1447 invidit
961 1410 1112 1455 honori,

154 1475 332 1521 quamvis
351 1472 455 1508 solus
470 1485 582 1508 avem
603 1471 712 1507 caelo
732 1471 879 1507 deiecit
897 1471 946 1506 ab
966 1470 1060 1507 asto.

154 1533 353 1580 proximus
372 1531 595 1579 ingreditur
615 1530 740 1575 donis,
761 1532 827 1579 qui
846 1528 1001 1564 vincula
1021 1530 1126 1576 rupit
1144 1539 1152 1571 ;

155 1595 368 1635 extremus,
390 1590 535 1626 volucri
556 1592 622 1639 qui
644 1589 727 1624 fixit
747 1588 969 1624 harundine
990 1587 1148 1623 malum.

208 1650 263 1685 At
281 1655 396 1697 pater
415 1649 573 1685 Aeneas
592 1647 768 1684 nondum
788 1649 1003 1684 certamine
1024 1648 1141 1681 misso
1261 1647 1334 1680 545

155 1707 360 1744 custodem
379 1708 427 1744 ad
450 1721 535 1744 sese
555 1709 819 1756 comitemque
838 1706 1008 1754 impubis
1030 1704 1104 1740 Iuli

155 1766 357 1815 Epytiden
378 1772 490 1803 vocat
511 1771 552 1803 et
573 1765 689 1802 fidam
711 1768 764 1801 sic
787 1765 893 1801 fatur
911 1763 960 1800 ad
980 1775 1138 1800 aurem:

157 1828 180 1845 “
195 1824 292 1860 vade
313 1838 386 1871 age
408 1830 449 1862 et
471 1827 653 1870 Ascanio,
674 1826 705 1860 si
724 1827 800 1860 iam
823 1822 974 1872 puerile
994 1827 1172 1871 paratum

326 1884 371 1904 ⁶²⁰
397 1887 563 1918 contorsit
581 1886 631 1916 P:
654 1885 834 1916 contendit
850 1882 943 1921 M¹R‚
960 1883 1101 1914 Nonius.

327 1927 373 1947 5²²
399 1929 512 1961 subito
528 1933 605 1959 most
621 1929 716 1959 MSS.
732 1940 742 1958 .·
765 1928 916 1959 subitum
932 1926 1039 1956 minor
1055 1926 1152 1957 MSS.

330 1970 375 1988 ⁵³⁴
404 1973 545 2003 honores
562 1969 678 2002 M¹PR
692 1983 701 2002 :
734 1972 896 2003 honorem
914 1968 978 1999 M2.

329 2014 370 2031 ⁵²¹
401 2016 527 2046 honore
544 2013 599 2046 1¹1.
881 2011 927 2031 ⁵³⁸
952 2017 1087 2051 paratus
1106 2009 1160 2042 P‘.

158 2062 234 2095 480
