1430 2335
652 98 843 136 VIRGIL

159 177 349 225 obviaque
368 175 550 225 hospitiis
570 180 708 211 teneat
727 173 1006 211 frondentibus
1024 173 1147 210 arbos.

159 240 199 273 in
219 238 408 281 medium,
430 250 498 272 seu
520 237 642 272 stabit
660 239 765 272 iners
784 248 853 272 seu
872 235 1041 284 profluet
1060 246 1186 278 umor,
1284 236 1331 269 25

158 304 395 334 transversas
415 297 550 334 salices
570 301 612 334 et
630 297 795 347 grandia
814 299 948 333 conice
969 310 1072 340 saxa,

157 359 345 410 pontibus
364 364 409 395 ut
429 359 576 395 crebris
596 361 747 407 possint
765 360 977 394 consistere
998 362 1039 394 et
1057 357 1137 393 alas

159 420 334 470 pandere
353 421 404 457 ad
424 423 618 457 aestivum
633 419 769 463 solem,
789 421 820 455 si
839 418 941 455 forte
961 420 1151 455 morantis

159 484 344 531 sparserit
361 486 430 518 aut
449 494 637 531 praeceps
659 479 848 529 Neptuno
868 482 1105 516 immerserit
1125 478 1261 515 Eurus.

159 544 259 580 haec
278 545 424 580 circum
444 545 572 579 casiae
594 541 737 578 virides
757 546 799 577 et
818 541 968 577 olentia
987 541 1068 576 late
1284 541 1335 574 30

160 603 331 654 serpulla
352 609 394 641 et
413 606 587 653 graviter
607 604 792 652 spirantis
813 604 925 651 copia
945 600 1158 651 thymbrae

159 665 309 711 floreat,
329 668 609 715 inriguumque
630 665 769 701 bibant
788 663 947 699 violaria
967 661 1133 699 fontem.

159 731 243 777 ipsa
262 732 410 771 autem,
431 740 499 763 seu
520 726 731 763 corticibus
749 725 824 761 tibi
844 729 933 760 suta
951 726 1099 761 cavatis

160 802 227 826 seu
248 789 360 825 iento
380 788 529 824 fuerint
548 787 692 823 alvaria
712 789 858 822 vimine
877 790 1002 830 texta,

159 855 350 900 angustos
369 849 544 886 habeant
563 848 719 885 aditus:
746 861 838 884 nam
857 846 1003 896 frigore
1023 846 1143 883 mella
1287 847 1336 881 35

161 914 269 961 cogit
290 911 429 956 hiems,
450 911 670 959 eademque
690 909 795 946 calor
813 907 1028 958 liquefacta
1048 909 1230 944 remittit.

160 978 327 1022 utraque
349 975 406 1008 vis
425 972 564 1020 apibus
584 973 732 1020 pariter
750 969 991 1012 metuenda;
1019 981 1148 1018 neque
1169 969 1260 1004 illae
1284 979 1338 1004 MP

160 1037 400 1083 nequiquam
422 1036 462 1069 in
484 1035 600 1069 tectis
621 1034 807 1068 certatim
825 1032 962 1068 tenuia
986 1043 1075 1067 cera

162 1098 403 1144 spiramenta
423 1094 566 1137 linunt,
587 1093 756 1143 fucoque
776 1097 819 1130 et
836 1091 994 1128 floribus
1014 1104 1100 1127 oras

162 1156 339 1205 explent,
361 1156 652 1204 collectumque
669 1154 767 1190 haec
783 1156 867 1203 ipsa
881 1154 932 1189 ad
947 1166 1111 1189 munera
1126 1152 1269 1201 gluten
1285 1155 1334 1188 40

162 1224 204 1254 et
228 1221 330 1253 visco
351 1222 392 1253 et
414 1217 608 1265 Phrygiae
629 1220 788 1252 servant
807 1217 894 1264 pice
915 1214 1063 1250 lentius
1084 1214 1192 1251 Idae.

162 1292 280 1328 saepe
301 1281 421 1315 etiam
444 1278 604 1323 effossis,
625 1280 656 1313 si
676 1290 767 1313 vera
787 1281 848 1313 est
868 1275 985 1321 fama,
1004 1275 1167 1312 latebris

162 1342 233 1377 sub
254 1346 357 1376 terra
377 1339 510 1376 fovere
530 1339 666 1383 larem,
686 1341 924 1388 penitusque
943 1342 1126 1386 repertae

162 1402 462 1451 pumicibusque
483 1402 586 1436 cavis
607 1411 827 1448 exesaeque
845 1398 994 1434 arboris
1014 1401 1141 1435 antro.

163 1469 207 1499 tu
226 1468 362 1500 tamen
382 1468 424 1499 et
444 1462 521 1497 levi
540 1464 683 1497 rimosa
703 1460 848 1497 cubilia
867 1460 961 1496 limo
1287 1463 1337 1496 45

162 1538 296 1573 ungue
317 1524 453 1560 fovens
474 1526 634 1567 circum,
656 1527 698 1559 et
717 1535 821 1559 raras
841 1523 1063 1570 superinice
1084 1520 1254 1559 frondes.

162 1599 240 1622 neu
262 1587 422 1634 propius
442 1587 560 1621 tectis
581 1589 717 1620 taxum
738 1586 832 1629 sine,
855 1595 956 1620 neve
977 1583 1155 1619 rubentis

163 1661 233 1684 ure
254 1647 340 1683 foco
360 1659 532 1692 cancros,
551 1645 657 1682 altae
678 1658 758 1682 neu
778 1644 895 1681 crede
915 1643 1065 1694 paludi,

164 1713 233 1744 aut
252 1708 319 1744 ubi
339 1708 435 1744 odor
455 1710 567 1744 caeni
588 1709 716 1755 gravis
736 1711 805 1743 aut
824 1706 892 1742 ubi
912 1718 1081 1742 concava
1100 1706 1216 1755 pulsu

164 1783 256 1806 saxa
276 1774 418 1806 sonant
437 1772 620 1818 vocisque
640 1767 787 1804 offensa
806 1767 975 1804 resultat
994 1769 1134 1816 imago.
1291 1771 1340 1804 50

219 1830 335 1875 Quod
358 1836 551 1880 superest,
568 1830 635 1866 ubi
651 1830 804 1878 pulsam
821 1828 995 1865 hiemem
1011 1827 1077 1865 Sol
1097 1840 1237 1864 aureus
1258 1831 1341 1878 egit

165 1894 237 1930 sub
257 1898 382 1929 terras
403 1892 636 1941 caelumque
656 1893 806 1927 aestiva
827 1890 915 1927 luce
935 1889 1111 1934 reclusit,

251 1982 277 2001 ²⁵
302 1982 440 2022 profluit
455 1982 496 2013 P.
781 1981 807 1999 ⁴³
832 1980 960 2011 fodiere
978 1978 1031 2010 Ml
1051 1988 1058 2011 :
1083 1980 1200 2012 fodere
1216 1977 1280 2011 211².

169 2042 240 2081 198
