<?xml version="1.0" encoding="UTF-8"?>
<!DOCTYPE html PUBLIC "-//W3C//DTD XHTML 1.0 Transitional//EN"
    "http://www.w3.org/TR/xhtml1/DTD/xhtml1-transitional.dtd">
<html xmlns="http://www.w3.org/1999/xhtml" xml:lang="en" lang="en">
 <head>
  <title>
</title>
<meta http-equiv="Content-Type" content="text/html;charset=utf-8" />
  <meta name='ocr-system' content='tesseract 3.04.00' />
  <meta name='ocr-capabilities' content='ocr_page ocr_carea ocr_par ocr_line ocrx_word'/>
</head>
<body>
  <div class='ocr_page' id='page_1' title='image "./virgilwithenglis01virg_0398.png"; bbox 0 0 1430 2335; ppageno 0'>
   <div class='ocr_carea' id='block_1_1' title="bbox 638 126 833 163">
    <p class='ocr_par' dir='ltr' id='par_1_1' title="bbox 638 126 833 163">
     <span class='ocr_line' id='line_1_1' title="bbox 638 126 833 163; baseline 0 0"><span class='ocrx_word' id='word_1_1' title='bbox 638 126 833 163; x_wconf 91' lang='lat' dir='ltr'>VIRGIL</span> 
     </span>
    </p>
   </div>
   <div class='ocr_carea' id='block_1_2' title="bbox 141 201 1335 1508">
    <p class='ocr_par' dir='ltr' id='par_1_2' title="bbox 142 201 1164 252">
     <span class='ocr_line' id='line_1_2' title="bbox 142 201 1164 252; baseline -0.004 -13"><span class='ocrx_word' id='word_1_2' title='bbox 142 202 354 252; x_wconf 82' lang='lat' dir='ltr'>adgnosco,</span> <span class='ocrx_word' id='word_1_3' title='bbox 376 201 603 252; x_wconf 83' lang='lat' dir='ltr'>Scaeaeque</span> <span class='ocrx_word' id='word_1_4' title='bbox 623 202 842 251; x_wconf 84' lang='lat' dir='ltr'>amplector</span> <span class='ocrx_word' id='word_1_5' title='bbox 861 201 997 237; x_wconf 88' lang='lat' dir='ltr'>limina</span> <span class='ocrx_word' id='word_1_6' title='bbox 1016 204 1164 250; x_wconf 81' lang='lat' dir='ltr'>portae.</span> 
     </span>
    </p>

    <p class='ocr_par' dir='ltr' id='par_1_3' title="bbox 141 258 1128 296">
     <span class='ocr_line' id='line_1_3' title="bbox 141 258 1128 296; baseline -0.003 0"><span class='ocrx_word' id='word_1_7' title='bbox 141 272 216 296; x_wconf 88' lang='lat' dir='ltr'>nee</span> <span class='ocrx_word' id='word_1_8' title='bbox 235 272 315 296; x_wconf 92' lang='lat' dir='ltr'>non</span> <span class='ocrx_word' id='word_1_9' title='bbox 332 265 375 296; x_wconf 89' lang='lat' dir='ltr'>et</span> <span class='ocrx_word' id='word_1_10' title='bbox 392 259 537 296; x_wconf 83' lang='lat' dir='ltr'>Teucri</span> <span class='ocrx_word' id='word_1_11' title='bbox 556 262 659 295; x_wconf 85' lang='lat' dir='ltr'>socia</span> <span class='ocrx_word' id='word_1_12' title='bbox 678 259 792 295; x_wconf 89' lang='lat' dir='ltr'>simul</span> <span class='ocrx_word' id='word_1_13' title='bbox 815 259 911 295; x_wconf 83' lang='lat' dir='ltr'>urbe</span> <span class='ocrx_word' id='word_1_14' title='bbox 932 258 1128 294; x_wconf 84' lang='lat' dir='ltr'>fruuntur.</span> 
     </span>
    </p>

    <p class='ocr_par' dir='ltr' id='par_1_4' title="bbox 141 315 1039 366">
     <span class='ocr_line' id='line_1_4' title="bbox 141 315 1039 366; baseline -0.002 -14"><span class='ocrx_word' id='word_1_15' title='bbox 141 316 230 353; x_wconf 85' lang='lat' dir='ltr'>illos</span> <span class='ocrx_word' id='word_1_16' title='bbox 250 317 466 366; x_wconf 80' lang='lat' dir='ltr'>porticibus</span> <span class='ocrx_word' id='word_1_17' title='bbox 485 329 553 352; x_wconf 85' lang='lat' dir='ltr'>rex</span> <span class='ocrx_word' id='word_1_18' title='bbox 574 316 794 365; x_wconf 77' lang='lat' dir='ltr'>accipiebat</span> <span class='ocrx_word' id='word_1_19' title='bbox 813 317 854 351; x_wconf 89' lang='lat' dir='ltr'>in</span> <span class='ocrx_word' id='word_1_20' title='bbox 873 315 1013 364; x_wconf 87' lang='lat' dir='ltr'>amplis</span> <span class='ocrx_word' id='word_1_21' title='bbox 1030 326 1039 358; x_wconf 83' lang='lat'><em>3</em></span> 
     </span>
    </p>

    <p class='ocr_par' dir='ltr' id='par_1_5' title="bbox 142 371 931 422">
     <span class='ocr_line' id='line_1_5' title="bbox 142 371 931 422; baseline -0.001 -13"><span class='ocrx_word' id='word_1_22' title='bbox 142 373 246 410; x_wconf 71' lang='lat' dir='ltr'>aulai*</span> <span class='ocrx_word' id='word_1_23' title='bbox 264 373 396 410; x_wconf 88' lang='lat' dir='ltr'>medio</span> <span class='ocrx_word' id='word_1_24' title='bbox 414 373 593 409; x_wconf 89' lang='lat' dir='ltr'>libabant</span> <span class='ocrx_word' id='word_1_25' title='bbox 611 373 753 422; x_wconf 86' lang='lat' dir='ltr'>pocula</span> <span class='ocrx_word' id='word_1_26' title='bbox 774 371 931 418; x_wconf 88' lang='lat' dir='ltr'>Bacchi,</span> 
     </span>
    </p>

    <p class='ocr_par' dir='ltr' id='par_1_6' title="bbox 144 429 1325 537">
     <span class='ocr_line' id='line_1_6' title="bbox 144 429 1325 479; baseline -0.003 -14"><span class='ocrx_word' id='word_1_27' title='bbox 144 432 340 479; x_wconf 77' lang='lat' dir='ltr'>impositis</span> <span class='ocrx_word' id='word_1_28' title='bbox 360 443 454 466; x_wconf 86' lang='lat' dir='ltr'>auro</span> <span class='ocrx_word' id='word_1_29' title='bbox 473 429 653 479; x_wconf 86' lang='lat' dir='ltr'>dapibus,</span> <span class='ocrx_word' id='word_1_30' title='bbox 672 434 907 479; x_wconf 81' lang='lat' dir='ltr'>paterasque</span> <span class='ocrx_word' id='word_1_31' title='bbox 928 429 1134 466; x_wconf 84' lang='lat' dir='ltr'>tenebant.</span> <span class='ocrx_word' id='word_1_32' title='bbox 1251 429 1325 462; x_wconf 82' lang='lat'>355</span> 
     </span>
     <span class='ocr_line' id='line_1_7' title="bbox 198 487 1231 537; baseline -0.003 -14"><span class='ocrx_word' id='word_1_33' title='bbox 198 491 222 508; x_wconf 87' lang='lat'><em>“</em></span> <span class='ocrx_word' id='word_1_34' title='bbox 238 487 400 537; x_wconf 84' lang='lat' dir='ltr'>lamque</span> <span class='ocrx_word' id='word_1_35' title='bbox 422 487 506 524; x_wconf 87' lang='lat' dir='ltr'>dies</span> <span class='ocrx_word' id='word_1_36' title='bbox 525 487 706 536; x_wconf 82' lang='lat' dir='ltr'>alterque</span> <span class='ocrx_word' id='word_1_37' title='bbox 726 487 811 523; x_wconf 88' lang='lat' dir='ltr'>dies</span> <span class='ocrx_word' id='word_1_38' title='bbox 830 489 1034 536; x_wconf 82' lang='lat' dir='ltr'>processit,</span> <span class='ocrx_word' id='word_1_39' title='bbox 1054 491 1096 522; x_wconf 87' lang='lat' dir='ltr'>et</span> <span class='ocrx_word' id='word_1_40' title='bbox 1115 497 1231 520; x_wconf 84' lang='lat' dir='ltr'>aurae</span> 
     </span>
    </p>

    <p class='ocr_par' dir='ltr' id='par_1_7' title="bbox 150 542 1222 594">
     <span class='ocr_line' id='line_1_8' title="bbox 150 542 1222 594; baseline -0.002 -15"><span class='ocrx_word' id='word_1_41' title='bbox 150 544 238 580; x_wconf 86' lang='lat' dir='ltr'>vela</span> <span class='ocrx_word' id='word_1_42' title='bbox 257 549 401 581; x_wconf 84' lang='lat' dir='ltr'>vocant</span> <span class='ocrx_word' id='word_1_43' title='bbox 422 544 653 594; x_wconf 81' lang='lat' dir='ltr'>tumidoque</span> <span class='ocrx_word' id='word_1_44' title='bbox 674 543 832 580; x_wconf 88' lang='lat' dir='ltr'>inflatur</span> <span class='ocrx_word' id='word_1_45' title='bbox 851 544 1034 581; x_wconf 85' lang='lat' dir='ltr'>carbasus</span> <span class='ocrx_word' id='word_1_46' title='bbox 1050 542 1196 578; x_wconf 84' lang='lat' dir='ltr'>Austro</span> <span class='ocrx_word' id='word_1_47' title='bbox 1214 555 1222 578; x_wconf 90' lang='lat'>:</span> 
     </span>
    </p>

    <p class='ocr_par' dir='ltr' id='par_1_8' title="bbox 148 600 1093 650">
     <span class='ocr_line' id='line_1_9' title="bbox 148 600 1093 650; baseline -0.001 -13"><span class='ocrx_word' id='word_1_48' title='bbox 148 601 208 637; x_wconf 86' lang='lat' dir='ltr'>his</span> <span class='ocrx_word' id='word_1_49' title='bbox 228 606 361 638; x_wconf 83' lang='lat' dir='ltr'>vatem</span> <span class='ocrx_word' id='word_1_50' title='bbox 381 600 592 650; x_wconf 82' lang='lat' dir='ltr'>adgredior</span> <span class='ocrx_word' id='word_1_51' title='bbox 611 600 727 637; x_wconf 89' lang='lat' dir='ltr'>dictis</span> <span class='ocrx_word' id='word_1_52' title='bbox 746 614 791 643; x_wconf 77' lang='lat' dir='ltr'>ac</span> <span class='ocrx_word' id='word_1_53' title='bbox 812 600 905 637; x_wconf 86' lang='lat' dir='ltr'>talia</span> <span class='ocrx_word' id='word_1_54' title='bbox 924 612 1093 650; x_wconf 83' lang='lat' dir='ltr'>quaeso:</span> 
     </span>
    </p>

    <p class='ocr_par' dir='ltr' id='par_1_9' title="bbox 147 655 1246 708">
     <span class='ocr_line' id='line_1_10' title="bbox 147 655 1246 708; baseline -0.002 -15"><span class='ocrx_word' id='word_1_55' title='bbox 147 663 158 678; x_wconf 84' lang='lat'>‘</span> <span class='ocrx_word' id='word_1_56' title='bbox 175 657 414 707; x_wconf 81' lang='lat' dir='ltr'>Troiugena,</span> <span class='ocrx_word' id='word_1_57' title='bbox 433 661 630 707; x_wconf 74' lang='lat' dir='ltr'>interpres</span> <span class='ocrx_word' id='word_1_58' title='bbox 651 658 799 704; x_wconf 85' lang='lat' dir='ltr'>divum,</span> <span class='ocrx_word' id='word_1_59' title='bbox 819 661 885 708; x_wconf 92' lang='lat' dir='ltr'>qui</span> <span class='ocrx_word' id='word_1_60' title='bbox 904 660 1068 694; x_wconf 88' lang='lat' dir='ltr'>numina</span> <span class='ocrx_word' id='word_1_61' title='bbox 1085 655 1246 701; x_wconf 79' lang='lat' dir='ltr'>Phoebi,</span> 
     </span>
    </p>

    <p class='ocr_par' dir='ltr' id='par_1_10' title="bbox 147 710 1329 765">
     <span class='ocr_line' id='line_1_11' title="bbox 147 710 1329 765; baseline -0.003 -14"><span class='ocrx_word' id='word_1_62' title='bbox 147 718 214 765; x_wconf 88' lang='lat' dir='ltr'>qui</span> <span class='ocrx_word' id='word_1_63' title='bbox 234 716 422 764; x_wconf 80' lang='lat' dir='ltr'>tripodas,</span> <span class='ocrx_word' id='word_1_64' title='bbox 444 715 559 751; x_wconf 87' lang='lat' dir='ltr'>Clarii</span> <span class='ocrx_word' id='word_1_65' title='bbox 580 716 721 762; x_wconf 86' lang='lat' dir='ltr'>laurus,</span> <span class='ocrx_word' id='word_1_66' title='bbox 744 718 811 765; x_wconf 90' lang='lat' dir='ltr'>qui</span> <span class='ocrx_word' id='word_1_67' title='bbox 831 715 959 752; x_wconf 82' lang='lat' dir='ltr'>sidera</span> <span class='ocrx_word' id='word_1_68' title='bbox 984 717 1107 752; x_wconf 72' lang='lat' dir='ltr'>sentis</span> <span class='ocrx_word' id='word_1_69' title='bbox 1254 710 1329 748; x_wconf 75' lang='lat'>360</span> 
     </span>
    </p>

    <p class='ocr_par' dir='ltr' id='par_1_11' title="bbox 149 772 1200 822">
     <span class='ocr_line' id='line_1_12' title="bbox 149 772 1200 822; baseline -0.003 -13"><span class='ocrx_word' id='word_1_70' title='bbox 149 778 191 809; x_wconf 89' lang='lat' dir='ltr'>et</span> <span class='ocrx_word' id='word_1_71' title='bbox 212 772 412 808; x_wconf 85' lang='lat' dir='ltr'>volucrum</span> <span class='ocrx_word' id='word_1_72' title='bbox 433 773 588 821; x_wconf 79' lang='lat' dir='ltr'>linguas</span> <span class='ocrx_word' id='word_1_73' title='bbox 609 778 651 809; x_wconf 86' lang='lat' dir='ltr'>et</span> <span class='ocrx_word' id='word_1_74' title='bbox 671 775 871 822; x_wconf 77' lang='lat' dir='ltr'>praepetis</span> <span class='ocrx_word' id='word_1_75' title='bbox 892 775 1023 808; x_wconf 89' lang='lat' dir='ltr'>omnia</span> <span class='ocrx_word' id='word_1_76' title='bbox 1042 774 1200 821; x_wconf 85' lang='lat' dir='ltr'>pinnae,</span> 
     </span>
    </p>

    <p class='ocr_par' dir='ltr' id='par_1_12' title="bbox 148 827 1332 880">
     <span class='ocr_line' id='line_1_13' title="bbox 148 827 1332 880; baseline -0.003 -15"><span class='ocrx_word' id='word_1_77' title='bbox 148 830 230 866; x_wconf 85' lang='lat' dir='ltr'>fare</span> <span class='ocrx_word' id='word_1_78' title='bbox 251 843 323 879; x_wconf 84' lang='lat' dir='ltr'>age</span> <span class='ocrx_word' id='word_1_79' title='bbox 344 829 533 880; x_wconf 86' lang='lat' dir='ltr'>(namque</span> <span class='ocrx_word' id='word_1_80' title='bbox 553 842 711 866; x_wconf 90' lang='lat' dir='ltr'>omnem</span> <span class='ocrx_word' id='word_1_81' title='bbox 731 843 886 866; x_wconf 86' lang='lat' dir='ltr'>cursum</span> <span class='ocrx_word' id='word_1_82' title='bbox 911 829 1007 866; x_wconf 86' lang='lat' dir='ltr'>mihi</span> <span class='ocrx_word' id='word_1_83' title='bbox 1026 841 1211 879; x_wconf 85' lang='lat' dir='ltr'>prospera</span> <span class='ocrx_word' id='word_1_84' title='bbox 1230 827 1332 863; x_wconf 80' lang='lat' dir='ltr'>dixit</span> 
     </span>
    </p>

    <p class='ocr_par' dir='ltr' id='par_1_13' title="bbox 149 887 1023 936">
     <span class='ocr_line' id='line_1_14' title="bbox 149 887 1023 936; baseline 0 -13"><span class='ocrx_word' id='word_1_85' title='bbox 149 887 300 936; x_wconf 83' lang='lat' dir='ltr'>religio,</span> <span class='ocrx_word' id='word_1_86' title='bbox 321 893 363 924; x_wconf 89' lang='lat' dir='ltr'>et</span> <span class='ocrx_word' id='word_1_87' title='bbox 382 889 514 924; x_wconf 79' lang='lat' dir='ltr'>cuncti</span> <span class='ocrx_word' id='word_1_88' title='bbox 535 892 743 924; x_wconf 79' lang='lat' dir='ltr'>suaserunt</span> <span class='ocrx_word' id='word_1_89' title='bbox 761 890 925 924; x_wconf 86' lang='lat' dir='ltr'>numine</span> <span class='ocrx_word' id='word_1_90' title='bbox 943 887 1023 924; x_wconf 93' lang='lat' dir='ltr'>divi</span> 
     </span>
    </p>

    <p class='ocr_par' dir='ltr' id='par_1_14' title="bbox 151 944 1115 993">
     <span class='ocr_line' id='line_1_15' title="bbox 151 944 1115 993; baseline 0 -13"><span class='ocrx_word' id='word_1_91' title='bbox 151 944 307 981; x_wconf 83' lang='lat' dir='ltr'>Italiam</span> <span class='ocrx_word' id='word_1_92' title='bbox 328 949 467 993; x_wconf 79' lang='lat' dir='ltr'>petere</span> <span class='ocrx_word' id='word_1_93' title='bbox 489 950 530 981; x_wconf 88' lang='lat' dir='ltr'>et</span> <span class='ocrx_word' id='word_1_94' title='bbox 550 949 673 981; x_wconf 86' lang='lat' dir='ltr'>terras</span> <span class='ocrx_word' id='word_1_95' title='bbox 695 950 895 993; x_wconf 79' lang='lat' dir='ltr'>temptare</span> <span class='ocrx_word' id='word_1_96' title='bbox 915 949 1115 993; x_wconf 77' lang='lat' dir='ltr'>reposta53</span> 
     </span>
    </p>

    <p class='ocr_par' dir='ltr' id='par_1_15' title="bbox 150 996 1331 1051">
     <span class='ocr_line' id='line_1_16' title="bbox 150 996 1331 1051; baseline -0.003 -13"><span class='ocrx_word' id='word_1_97' title='bbox 150 1002 231 1038; x_wconf 88' lang='lat' dir='ltr'>sola</span> <span class='ocrx_word' id='word_1_98' title='bbox 252 1015 397 1038; x_wconf 85' lang='lat' dir='ltr'>novum</span> <span class='ocrx_word' id='word_1_99' title='bbox 417 1001 606 1051; x_wconf 89' lang='lat' dir='ltr'>dictuque</span> <span class='ocrx_word' id='word_1_100' title='bbox 627 1001 737 1038; x_wconf 82' lang='lat' dir='ltr'>nefas</span> <span class='ocrx_word' id='word_1_101' title='bbox 758 1002 933 1051; x_wconf 79' lang='lat' dir='ltr'>Harpyia</span> <span class='ocrx_word' id='word_1_102' title='bbox 953 1001 1123 1038; x_wconf 87' lang='lat' dir='ltr'>Celaeno</span> <span class='ocrx_word' id='word_1_103' title='bbox 1258 996 1331 1035; x_wconf 77' lang='lat'>365</span> 
     </span>
    </p>

    <p class='ocr_par' dir='ltr' id='par_1_16' title="bbox 149 1059 1031 1108">
     <span class='ocr_line' id='line_1_17' title="bbox 149 1059 1031 1108; baseline -0.001 -13"><span class='ocrx_word' id='word_1_104' title='bbox 149 1059 374 1108; x_wconf 78' lang='lat' dir='ltr'>prodigium</span> <span class='ocrx_word' id='word_1_105' title='bbox 395 1061 502 1095; x_wconf 87' lang='lat' dir='ltr'>canit</span> <span class='ocrx_word' id='word_1_106' title='bbox 521 1063 563 1094; x_wconf 90' lang='lat' dir='ltr'>et</span> <span class='ocrx_word' id='word_1_107' title='bbox 583 1061 705 1095; x_wconf 87' lang='lat' dir='ltr'>tristis</span> <span class='ocrx_word' id='word_1_108' title='bbox 725 1059 938 1095; x_wconf 83' lang='lat' dir='ltr'>denuntiat</span> <span class='ocrx_word' id='word_1_109' title='bbox 957 1061 1031 1094; x_wconf 84' lang='lat' dir='ltr'>iras</span> 
     </span>
    </p>

    <p class='ocr_par' dir='ltr' id='par_1_17' title="bbox 150 1114 1218 1166">
     <span class='ocr_line' id='line_1_18' title="bbox 150 1114 1218 1166; baseline -0.002 -14"><span class='ocrx_word' id='word_1_110' title='bbox 150 1117 441 1166; x_wconf 82' lang='lat' dir='ltr'>obscenamque</span> <span class='ocrx_word' id='word_1_111' title='bbox 463 1114 636 1166; x_wconf 83' lang='lat' dir='ltr'>famem),</span> <span class='ocrx_word' id='word_1_112' title='bbox 657 1129 757 1165; x_wconf 87' lang='lat' dir='ltr'>quae</span> <span class='ocrx_word' id='word_1_113' title='bbox 777 1119 901 1164; x_wconf 87' lang='lat' dir='ltr'>prima</span> <span class='ocrx_word' id='word_1_114' title='bbox 921 1114 1094 1165; x_wconf 79' lang='lat' dir='ltr'>pericula</span> <span class='ocrx_word' id='word_1_115' title='bbox 1111 1115 1218 1151; x_wconf 80' lang='lat' dir='ltr'>vito?</span> 
     </span>
    </p>

    <p class='ocr_par' dir='ltr' id='par_1_18' title="bbox 150 1171 1233 1223">
     <span class='ocr_line' id='line_1_19' title="bbox 150 1171 1233 1223; baseline -0.001 -14"><span class='ocrx_word' id='word_1_116' title='bbox 150 1174 296 1223; x_wconf 82' lang='lat' dir='ltr'>quidve</span> <span class='ocrx_word' id='word_1_117' title='bbox 317 1186 487 1222; x_wconf 88' lang='lat' dir='ltr'>sequens</span> <span class='ocrx_word' id='word_1_118' title='bbox 508 1178 639 1209; x_wconf 84' lang='lat' dir='ltr'>tantos</span> <span class='ocrx_word' id='word_1_119' title='bbox 660 1176 805 1222; x_wconf 86' lang='lat' dir='ltr'>possim</span> <span class='ocrx_word' id='word_1_120' title='bbox 825 1186 1010 1222; x_wconf 79' lang='lat' dir='ltr'>superare</span> <span class='ocrx_word' id='word_1_121' title='bbox 1031 1172 1210 1208; x_wconf 83' lang='lat' dir='ltr'>labores?</span> <span class='ocrx_word' id='word_1_122' title='bbox 1224 1171 1233 1184; x_wconf 90' lang='lat'><strong><em>’</em></strong></span> 
     </span>
    </p>

    <p class='ocr_par' dir='ltr' id='par_1_19' title="bbox 152 1230 1176 1279">
     <span class='ocr_line' id='line_1_20' title="bbox 152 1230 1176 1279; baseline -0.001 -13"><span class='ocrx_word' id='word_1_123' title='bbox 152 1230 217 1266; x_wconf 88' lang='grc'><strong>1116</strong></span> <span class='ocrx_word' id='word_1_124' title='bbox 240 1230 437 1276; x_wconf 84' lang='lat' dir='ltr'>Helenus,</span> <span class='ocrx_word' id='word_1_125' title='bbox 457 1233 579 1267; x_wconf 83' lang='lat' dir='ltr'>caesis</span> <span class='ocrx_word' id='word_1_126' title='bbox 599 1233 767 1279; x_wconf 87' lang='lat' dir='ltr'>primum</span> <span class='ocrx_word' id='word_1_127' title='bbox 788 1230 838 1267; x_wconf 86' lang='lat' dir='ltr'>de</span> <span class='ocrx_word' id='word_1_128' title='bbox 859 1243 968 1267; x_wconf 88' lang='lat' dir='ltr'>more</span> <span class='ocrx_word' id='word_1_129' title='bbox 988 1233 1176 1275; x_wconf 86' lang='lat' dir='ltr'>iuvencis,</span> 
     </span>
    </p>

    <p class='ocr_par' dir='ltr' id='par_1_20' title="bbox 152 1287 1335 1338">
     <span class='ocr_line' id='line_1_21' title="bbox 152 1287 1335 1338; baseline 0 -15"><span class='ocrx_word' id='word_1_130' title='bbox 152 1293 289 1324; x_wconf 81' lang='lat' dir='ltr'>exorat</span> <span class='ocrx_word' id='word_1_131' title='bbox 308 1301 446 1336; x_wconf 85' lang='lat' dir='ltr'>pacem</span> <span class='ocrx_word' id='word_1_132' title='bbox 466 1287 601 1324; x_wconf 87' lang='lat' dir='ltr'>divum</span> <span class='ocrx_word' id='word_1_133' title='bbox 620 1291 818 1338; x_wconf 83' lang='lat' dir='ltr'>vittasque</span> <span class='ocrx_word' id='word_1_134' title='bbox 839 1287 999 1324; x_wconf 84' lang='lat' dir='ltr'>resolvit</span> <span class='ocrx_word' id='word_1_135' title='bbox 1259 1288 1335 1325; x_wconf 80' lang='lat'>370</span> 
     </span>
    </p>

    <p class='ocr_par' dir='ltr' id='par_1_21' title="bbox 152 1344 1134 1394">
     <span class='ocr_line' id='line_1_22' title="bbox 152 1344 1134 1394; baseline 0.001 -13"><span class='ocrx_word' id='word_1_136' title='bbox 152 1348 293 1381; x_wconf 85' lang='lat' dir='ltr'>sacrati</span> <span class='ocrx_word' id='word_1_137' title='bbox 312 1347 450 1394; x_wconf 86' lang='lat' dir='ltr'>capitis</span> <span class='ocrx_word' id='word_1_138' title='bbox 470 1358 613 1394; x_wconf 85' lang='lat' dir='ltr'>meque</span> <span class='ocrx_word' id='word_1_139' title='bbox 633 1345 683 1382; x_wconf 82' lang='lat' dir='ltr'>ad</span> <span class='ocrx_word' id='word_1_140' title='bbox 703 1350 771 1382; x_wconf 84' lang='lat' dir='ltr'>tua</span> <span class='ocrx_word' id='word_1_141' title='bbox 791 1345 939 1390; x_wconf 88' lang='lat' dir='ltr'>limina,</span> <span class='ocrx_word' id='word_1_142' title='bbox 961 1344 1134 1390; x_wconf 86' lang='lat' dir='ltr'>Phoebe,</span> 
     </span>
    </p>

    <p class='ocr_par' dir='ltr' id='par_1_22' title="bbox 151 1402 1088 1451">
     <span class='ocr_line' id='line_1_23' title="bbox 151 1402 1088 1451; baseline 0 -13"><span class='ocrx_word' id='word_1_143' title='bbox 151 1405 236 1451; x_wconf 83' lang='lat' dir='ltr'>ipse</span> <span class='ocrx_word' id='word_1_144' title='bbox 254 1415 371 1438; x_wconf 82' lang='lat' dir='ltr'>manu</span> <span class='ocrx_word' id='word_1_145' title='bbox 388 1402 515 1438; x_wconf 80' lang='lat' dir='ltr'>multo</span> <span class='ocrx_word' id='word_1_146' title='bbox 531 1415 762 1451; x_wconf 87' lang='lat' dir='ltr'>suspensum</span> <span class='ocrx_word' id='word_1_147' title='bbox 784 1405 946 1439; x_wconf 85' lang='lat' dir='ltr'>numine</span> <span class='ocrx_word' id='word_1_148' title='bbox 965 1402 1088 1447; x_wconf 84' lang='lat' dir='ltr'>ducit,</span> 
     </span>
    </p>

    <p class='ocr_par' dir='ltr' id='par_1_23' title="bbox 152 1458 1221 1508">
     <span class='ocr_line' id='line_1_24' title="bbox 152 1458 1221 1508; baseline 0.001 -13"><span class='ocrx_word' id='word_1_149' title='bbox 152 1465 274 1508; x_wconf 74' lang='lat' dir='ltr'>atque</span> <span class='ocrx_word' id='word_1_150' title='bbox 293 1459 392 1496; x_wconf 85' lang='lat' dir='ltr'>haec</span> <span class='ocrx_word' id='word_1_151' title='bbox 412 1459 560 1496; x_wconf 88' lang='lat' dir='ltr'>deinde</span> <span class='ocrx_word' id='word_1_152' title='bbox 580 1462 687 1495; x_wconf 85' lang='lat' dir='ltr'>canit</span> <span class='ocrx_word' id='word_1_153' title='bbox 707 1459 841 1496; x_wconf 90' lang='lat' dir='ltr'>divino</span> <span class='ocrx_word' id='word_1_154' title='bbox 862 1472 910 1496; x_wconf 87' lang='lat' dir='ltr'>ex</span> <span class='ocrx_word' id='word_1_155' title='bbox 930 1472 996 1496; x_wconf 89' lang='lat' dir='ltr'>ore</span> <span class='ocrx_word' id='word_1_156' title='bbox 1017 1458 1221 1496; x_wconf 81' lang='lat' dir='ltr'>sacerdos:</span> 
     </span>
    </p>
   </div>
   <div class='ocr_carea' id='block_1_3' title="bbox 153 1521 1339 1941">
    <p class='ocr_par' dir='ltr' id='par_1_24' title="bbox 153 1521 1339 1941">
     <span class='ocr_line' id='line_1_25' title="bbox 207 1521 1205 1570; baseline -0.001 -13"><span class='ocrx_word' id='word_1_157' title='bbox 207 1525 231 1542; x_wconf 84' lang='lat'><strong>“</strong></span> <span class='ocrx_word' id='word_1_158' title='bbox 245 1526 257 1542; x_wconf 89' lang='lat'><em>‘</em></span> <span class='ocrx_word' id='word_1_159' title='bbox 273 1521 378 1558; x_wconf 87' lang='lat' dir='ltr'>Nate</span> <span class='ocrx_word' id='word_1_160' title='bbox 399 1521 488 1566; x_wconf 91' lang='lat' dir='ltr'>dea,</span> <span class='ocrx_word' id='word_1_161' title='bbox 509 1534 600 1557; x_wconf 86' lang='lat' dir='ltr'>nam</span> <span class='ocrx_word' id='word_1_162' title='bbox 620 1526 662 1558; x_wconf 89' lang='lat' dir='ltr'>te</span> <span class='ocrx_word' id='word_1_163' title='bbox 681 1522 895 1558; x_wconf 88' lang='lat' dir='ltr'>maioribus</span> <span class='ocrx_word' id='word_1_164' title='bbox 915 1523 971 1558; x_wconf 90' lang='lat' dir='ltr'>ire</span> <span class='ocrx_word' id='word_1_165' title='bbox 993 1534 1063 1570; x_wconf 86' lang='lat' dir='ltr'>per</span> <span class='ocrx_word' id='word_1_166' title='bbox 1081 1521 1205 1557; x_wconf 71' lang='lat' dir='ltr'>altum</span> 
     </span>
     <span class='ocr_line' id='line_1_26' title="bbox 153 1582 1336 1633; baseline -0.001 -14"><span class='ocrx_word' id='word_1_167' title='bbox 153 1585 334 1632; x_wconf 88' lang='lat' dir='ltr'>auspiciis</span> <span class='ocrx_word' id='word_1_168' title='bbox 354 1582 565 1619; x_wconf 81' lang='lat' dir='ltr'>manifesta</span> <span class='ocrx_word' id='word_1_169' title='bbox 586 1582 682 1620; x_wconf 85' lang='lat' dir='ltr'>fides</span> <span class='ocrx_word' id='word_1_170' title='bbox 702 1582 774 1633; x_wconf 88' lang='lat' dir='ltr'>(sic</span> <span class='ocrx_word' id='word_1_171' title='bbox 795 1582 877 1619; x_wconf 83' lang='lat' dir='ltr'>fata</span> <span class='ocrx_word' id='word_1_172' title='bbox 897 1583 1017 1619; x_wconf 87' lang='lat' dir='ltr'>deum</span> <span class='ocrx_word' id='word_1_173' title='bbox 1037 1595 1106 1619; x_wconf 89' lang='lat' dir='ltr'>rex</span> <span class='ocrx_word' id='word_1_174' title='bbox 1261 1584 1336 1620; x_wconf 81' lang='lat'>375</span> 
     </span>
     <span class='ocr_line' id='line_1_27' title="bbox 153 1643 1056 1694; baseline -0.001 -13"><span class='ocrx_word' id='word_1_175' title='bbox 153 1647 317 1681; x_wconf 81' lang='lat' dir='ltr'>sortitur</span> <span class='ocrx_word' id='word_1_176' title='bbox 337 1644 537 1694; x_wconf 81' lang='lat' dir='ltr'>volvitque</span> <span class='ocrx_word' id='word_1_177' title='bbox 558 1647 674 1690; x_wconf 90' lang='lat' dir='ltr'>vices,</span> <span class='ocrx_word' id='word_1_178' title='bbox 694 1647 726 1681; x_wconf 93' lang='lat' dir='ltr'>is</span> <span class='ocrx_word' id='word_1_179' title='bbox 746 1647 914 1681; x_wconf 86' lang='lat' dir='ltr'>vertitur</span> <span class='ocrx_word' id='word_1_180' title='bbox 932 1643 1056 1694; x_wconf 85' lang='lat' dir='ltr'>ordo),</span> 
     </span>
     <span class='ocr_line' id='line_1_28' title="bbox 154 1705 1158 1756; baseline 0.001 -14"><span class='ocrx_word' id='word_1_181' title='bbox 154 1720 279 1755; x_wconf 86' lang='lat' dir='ltr'>pauca</span> <span class='ocrx_word' id='word_1_182' title='bbox 298 1707 371 1743; x_wconf 90' lang='lat' dir='ltr'>tibi</span> <span class='ocrx_word' id='word_1_183' title='bbox 392 1719 413 1742; x_wconf 89' lang='grc'>6</span> <span class='ocrx_word' id='word_1_184' title='bbox 433 1705 581 1751; x_wconf 89' lang='lat' dir='ltr'>multis,</span> <span class='ocrx_word' id='word_1_185' title='bbox 602 1719 680 1756; x_wconf 89' lang='lat' dir='ltr'>quo</span> <span class='ocrx_word' id='word_1_186' title='bbox 699 1709 822 1743; x_wconf 85' lang='lat' dir='ltr'>tutior</span> <span class='ocrx_word' id='word_1_187' title='bbox 840 1705 997 1756; x_wconf 80' lang='lat' dir='ltr'>hospita</span> <span class='ocrx_word' id='word_1_188' title='bbox 1018 1706 1158 1743; x_wconf 84' lang='lat' dir='ltr'>lustres</span> 
     </span>
     <span class='ocr_line' id='line_1_29' title="bbox 154 1768 1103 1818; baseline -0.001 -14"><span class='ocrx_word' id='word_1_189' title='bbox 154 1781 326 1817; x_wconf 83' lang='lat' dir='ltr'>aequora</span> <span class='ocrx_word' id='word_1_190' title='bbox 346 1773 388 1804; x_wconf 83' lang='lat' dir='ltr'>et</span> <span class='ocrx_word' id='word_1_191' title='bbox 408 1768 585 1804; x_wconf 83' lang='lat' dir='ltr'>Ausonio</span> <span class='ocrx_word' id='word_1_192' title='bbox 605 1770 729 1818; x_wconf 83' lang='lat' dir='ltr'>possis</span> <span class='ocrx_word' id='word_1_193' title='bbox 749 1768 955 1805; x_wconf 71' lang='lat' dir='ltr'>considere</span> <span class='ocrx_word' id='word_1_194' title='bbox 975 1772 1103 1817; x_wconf 83' lang='lat' dir='ltr'>portu,</span> 
     </span>
     <span class='ocr_line' id='line_1_30' title="bbox 155 1828 1198 1879; baseline -0.001 -13"><span class='ocrx_word' id='word_1_195' title='bbox 155 1829 364 1878; x_wconf 84' lang='lat' dir='ltr'>expediam</span> <span class='ocrx_word' id='word_1_196' title='bbox 385 1829 523 1873; x_wconf 88' lang='lat' dir='ltr'>dictis;</span> <span class='ocrx_word' id='word_1_197' title='bbox 555 1829 770 1879; x_wconf 86' lang='lat' dir='ltr'>prohibent</span> <span class='ocrx_word' id='word_1_198' title='bbox 789 1843 880 1866; x_wconf 87' lang='lat' dir='ltr'>nam</span> <span class='ocrx_word' id='word_1_199' title='bbox 902 1835 1035 1866; x_wconf 84' lang='lat' dir='ltr'>cetera</span> <span class='ocrx_word' id='word_1_200' title='bbox 1058 1828 1198 1866; x_wconf 82' lang='lat' dir='ltr'>Parcae</span> 
     </span>
     <span class='ocr_line' id='line_1_31' title="bbox 155 1890 1339 1941; baseline 0 -13"><span class='ocrx_word' id='word_1_201' title='bbox 155 1894 253 1928; x_wconf 88' lang='lat' dir='ltr'>scire</span> <span class='ocrx_word' id='word_1_202' title='bbox 275 1890 480 1928; x_wconf 89' lang='lat' dir='ltr'>Helenum</span> <span class='ocrx_word' id='word_1_203' title='bbox 500 1890 653 1941; x_wconf 87' lang='lat' dir='ltr'>farique</span> <span class='ocrx_word' id='word_1_204' title='bbox 673 1896 783 1928; x_wconf 81' lang='lat' dir='ltr'>vetat</span> <span class='ocrx_word' id='word_1_205' title='bbox 803 1891 986 1928; x_wconf 82' lang='lat' dir='ltr'>Saturnia</span> <span class='ocrx_word' id='word_1_206' title='bbox 1008 1890 1120 1928; x_wconf 91' lang='lat' dir='ltr'>Iuno.</span> <span class='ocrx_word' id='word_1_207' title='bbox 1263 1894 1339 1928; x_wconf 87' lang='lat'>380</span> 
     </span>
    </p>
   </div>
   <div class='ocr_carea' id='block_1_4' title="bbox 288 1969 1227 2053">
    <p class='ocr_par' dir='ltr' id='par_1_25' title="bbox 288 1969 1227 2053">
     <span class='ocr_line' id='line_1_32' title="bbox 288 1969 920 2008; baseline 0.002 -6"><span class='ocrx_word' id='word_1_208' title='bbox 288 1969 335 1989; x_wconf 71' lang='lat'>³⁸²</span> <span class='ocrx_word' id='word_1_209' title='bbox 358 1972 469 2002; x_wconf 68' lang='lat' dir='ltr'>omnis</span> <span class='ocrx_word' id='word_1_210' title='bbox 486 1972 537 2003; x_wconf 87' lang='lat' dir='ltr'>P:</span> <span class='ocrx_word' id='word_1_211' title='bbox 561 1981 696 2003; x_wconf 85' lang='lat' dir='ltr'>omnem</span> <span class='ocrx_word' id='word_1_212' title='bbox 715 1972 761 2008; x_wconf 72' lang='lat' dir='ltr'>M,</span> <span class='ocrx_word' id='word_1_213' title='bbox 779 1972 920 2003; x_wconf 67' lang='lat' dir='ltr'>Seri-ius.</span> 
     </span>
     <span class='ocr_line' id='line_1_33' title="bbox 289 2012 1227 2053; baseline 0.003 -9"><span class='ocrx_word' id='word_1_214' title='bbox 289 2012 335 2032; x_wconf 78' lang='lat'>³⁷²</span> <span class='ocrx_word' id='word_1_215' title='bbox 359 2015 482 2053; x_wconf 86' lang='lat' dir='ltr'>multo]</span> <span class='ocrx_word' id='word_1_216' title='bbox 501 2015 596 2046; x_wconf 75' lang='lat' dir='ltr'>voltu</span> <span class='ocrx_word' id='word_1_217' title='bbox 614 2015 671 2046; x_wconf 76' lang='lat'>1¹¹.</span> <span class='ocrx_word' id='word_1_218' title='bbox 715 2025 896 2053; x_wconf 71' lang='lat' dir='ltr'>suspensus</span> <span class='ocrx_word' id='word_1_219' title='bbox 914 2015 1027 2046; x_wconf 68' lang='lat' dir='ltr'>known</span> <span class='ocrx_word' id='word_1_220' title='bbox 1044 2018 1073 2045; x_wconf 82' lang='lat' dir='ltr'>lo</span> <span class='ocrx_word' id='word_1_221' title='bbox 1087 2015 1227 2047; x_wconf 68' lang='lat' dir='ltr'>Scri-ius.</span> 
     </span>
    </p>
   </div>
   <div class='ocr_carea' id='block_1_5' title="bbox 160 2072 237 2107">
    <p class='ocr_par' dir='ltr' id='par_1_26' title="bbox 160 2072 237 2107">
     <span class='ocr_line' id='line_1_34' title="bbox 160 2072 237 2107; baseline 0 -1"><span class='ocrx_word' id='word_1_222' title='bbox 160 2072 237 2107; x_wconf 72' lang='lat'>372</span> 
     </span>
    </p>
   </div>
  </div>
 </body>
</html>
