<?xml version="1.0" encoding="UTF-8"?>
<!DOCTYPE html PUBLIC "-//W3C//DTD XHTML 1.0 Transitional//EN"
    "http://www.w3.org/TR/xhtml1/DTD/xhtml1-transitional.dtd">
<html xmlns="http://www.w3.org/1999/xhtml" xml:lang="en" lang="en">
 <head>
  <title>
</title>
<meta http-equiv="Content-Type" content="text/html;charset=utf-8" />
  <meta name='ocr-system' content='tesseract 3.04.00' />
  <meta name='ocr-capabilities' content='ocr_page ocr_carea ocr_par ocr_line ocrx_word'/>
</head>
<body>
  <div class='ocr_page' id='page_1' title='image "./virgilwithenglis01virg_0230.png"; bbox 0 0 1430 2335; ppageno 0'>
   <div class='ocr_carea' id='block_1_1' title="bbox 658 96 850 134">
    <p class='ocr_par' dir='ltr' id='par_1_1' title="bbox 658 96 850 134">
     <span class='ocr_line' id='line_1_1' title="bbox 658 96 850 134; baseline 0.005 -1"><span class='ocrx_word' id='word_1_1' title='bbox 658 96 712 133; x_wconf 96' lang='lat' dir='ltr'><strong>VI</strong></span> <span class='ocrx_word' id='word_1_2' title='bbox 721 96 850 134; x_wconf 89' lang='lat' dir='ltr'>RGIL</span> 
     </span>
    </p>
   </div>
   <div class='ocr_carea' id='block_1_2' title="bbox 160 172 1342 1601">
    <p class='ocr_par' dir='ltr' id='par_1_2' title="bbox 161 172 1194 223">
     <span class='ocr_line' id='line_1_2' title="bbox 161 172 1194 223; baseline -0.001 -15"><span class='ocrx_word' id='word_1_3' title='bbox 161 175 245 222; x_wconf 90' lang='lat' dir='ltr'><strong>ipse</strong></span> <span class='ocrx_word' id='word_1_4' title='bbox 265 172 447 223; x_wconf 82' lang='lat' dir='ltr'><strong>thymum</strong></span> <span class='ocrx_word' id='word_1_5' title='bbox 466 174 647 222; x_wconf 90' lang='lat' dir='ltr'><strong>tinosque</strong></span> <span class='ocrx_word' id='word_1_6' title='bbox 667 172 798 210; x_wconf 86' lang='lat' dir='ltr'><strong>ferens</strong></span> <span class='ocrx_word' id='word_1_7' title='bbox 817 173 867 209; x_wconf 85' lang='lat' dir='ltr'><strong>de</strong></span> <span class='ocrx_word' id='word_1_8' title='bbox 886 173 1086 211; x_wconf 87' lang='lat' dir='ltr'><strong>montibus</strong></span> <span class='ocrx_word' id='word_1_9' title='bbox 1104 172 1194 209; x_wconf 82' lang='lat' dir='ltr'><strong>altis</strong></span> 
     </span>
    </p>

    <p class='ocr_par' dir='ltr' id='par_1_3' title="bbox 162 226 1023 274">
     <span class='ocr_line' id='line_1_3' title="bbox 162 226 1023 274; baseline 0.002 -13"><span class='ocrx_word' id='word_1_10' title='bbox 162 231 269 262; x_wconf 83' lang='lat' dir='ltr'><strong>tecta</strong></span> <span class='ocrx_word' id='word_1_11' title='bbox 288 231 392 262; x_wconf 83' lang='lat' dir='ltr'><strong>serat</strong></span> <span class='ocrx_word' id='word_1_12' title='bbox 410 226 490 262; x_wconf 88' lang='lat' dir='ltr'><strong>late</strong></span> <span class='ocrx_word' id='word_1_13' title='bbox 512 228 670 270; x_wconf 83' lang='lat' dir='ltr'><strong>circum,</strong></span> <span class='ocrx_word' id='word_1_14' title='bbox 691 229 753 262; x_wconf 85' lang='lat' dir='ltr'><strong>cui</strong></span> <span class='ocrx_word' id='word_1_15' title='bbox 772 226 865 262; x_wconf 85' lang='lat' dir='ltr'><strong>talia</strong></span> <span class='ocrx_word' id='word_1_16' title='bbox 885 239 998 263; x_wconf 83' lang='lat' dir='ltr'><strong>curae</strong></span> <span class='ocrx_word' id='word_1_17' title='bbox 1013 241 1023 274; x_wconf 80' lang='lat'><em>3</em></span> 
     </span>
    </p>

    <p class='ocr_par' dir='ltr' id='par_1_4' title="bbox 162 278 1093 329">
     <span class='ocr_line' id='line_1_4' title="bbox 162 278 1093 329; baseline 0.002 -15"><span class='ocrx_word' id='word_1_18' title='bbox 162 281 244 327; x_wconf 84' lang='lat' dir='ltr'><strong>ipse</strong></span> <span class='ocrx_word' id='word_1_19' title='bbox 265 278 396 314; x_wconf 84' lang='lat' dir='ltr'><strong>labore</strong></span> <span class='ocrx_word' id='word_1_20' title='bbox 416 292 575 315; x_wconf 86' lang='lat' dir='ltr'><strong>manum</strong></span> <span class='ocrx_word' id='word_1_21' title='bbox 597 279 695 315; x_wconf 90' lang='lat' dir='ltr'><strong>duro</strong></span> <span class='ocrx_word' id='word_1_22' title='bbox 715 283 831 323; x_wconf 85' lang='lat' dir='ltr'><strong>terat,</strong></span> <span class='ocrx_word' id='word_1_23' title='bbox 851 281 934 329; x_wconf 88' lang='lat' dir='ltr'><strong>ipse</strong></span> <span class='ocrx_word' id='word_1_24' title='bbox 954 279 1093 316; x_wconf 87' lang='lat' dir='ltr'><strong>feracis</strong></span> 
     </span>
    </p>

    <p class='ocr_par' dir='ltr' id='par_1_5' title="bbox 162 331 1335 434">
     <span class='ocr_line' id='line_1_5' title="bbox 162 331 1335 382; baseline 0.001 -16"><span class='ocrx_word' id='word_1_25' title='bbox 162 331 257 380; x_wconf 79' lang='lat' dir='ltr'><strong>figat</strong></span> <span class='ocrx_word' id='word_1_26' title='bbox 276 331 395 367; x_wconf 91' lang='lat' dir='ltr'><strong>humo</strong></span> <span class='ocrx_word' id='word_1_27' title='bbox 415 333 568 381; x_wconf 80' lang='lat' dir='ltr'>plantas</span> <span class='ocrx_word' id='word_1_28' title='bbox 588 337 630 368; x_wconf 93' lang='lat' dir='ltr'><strong>et</strong></span> <span class='ocrx_word' id='word_1_29' title='bbox 643 335 787 368; x_wconf 87' lang='lat' dir='ltr'><strong>amicos</strong></span> <span class='ocrx_word' id='word_1_30' title='bbox 807 334 954 382; x_wconf 80' lang='lat' dir='ltr'><strong>inriget</strong></span> <span class='ocrx_word' id='word_1_31' title='bbox 973 333 1118 368; x_wconf 86' lang='lat' dir='ltr'><strong>imbris.</strong></span> <span class='ocrx_word' id='word_1_32' title='bbox 1264 335 1335 367; x_wconf 87' lang='lat'><strong>115</strong></span> 
     </span>
     <span class='ocr_line' id='line_1_6' title="bbox 213 384 1305 434; baseline 0 -14"><span class='ocrx_word' id='word_1_33' title='bbox 213 384 346 434; x_wconf 87' lang='lat' dir='ltr'><strong>Atque</strong></span> <span class='ocrx_word' id='word_1_34' title='bbox 367 385 564 434; x_wconf 80' lang='lat' dir='ltr'>equidem,</span> <span class='ocrx_word' id='word_1_35' title='bbox 585 390 764 421; x_wconf 83' lang='lat' dir='ltr'><strong>extremo</strong></span> <span class='ocrx_word' id='word_1_36' title='bbox 785 387 825 421; x_wconf 91' lang='lat' dir='ltr'><strong>ni</strong></span> <span class='ocrx_word' id='word_1_37' title='bbox 844 388 921 421; x_wconf 85' lang='lat' dir='ltr'><strong>iam</strong></span> <span class='ocrx_word' id='word_1_38' title='bbox 941 386 1011 422; x_wconf 90' lang='lat' dir='ltr'><strong>sub</strong></span> <span class='ocrx_word' id='word_1_39' title='bbox 1031 385 1107 421; x_wconf 91' lang='lat' dir='ltr'><strong>fine</strong></span> <span class='ocrx_word' id='word_1_40' title='bbox 1129 385 1305 420; x_wconf 88' lang='lat' dir='ltr'><strong>laborum</strong></span> 
     </span>
    </p>

    <p class='ocr_par' dir='ltr' id='par_1_6' title="bbox 162 437 1235 487">
     <span class='ocr_line' id='line_1_7' title="bbox 162 437 1235 487; baseline 0 -15"><span class='ocrx_word' id='word_1_41' title='bbox 162 438 249 474; x_wconf 91' lang='lat' dir='ltr'><strong>vela</strong></span> <span class='ocrx_word' id='word_1_42' title='bbox 268 437 421 474; x_wconf 81' lang='lat' dir='ltr'><strong>traham</strong></span> <span class='ocrx_word' id='word_1_43' title='bbox 443 443 484 473; x_wconf 90' lang='lat' dir='ltr'><strong>et</strong></span> <span class='ocrx_word' id='word_1_44' title='bbox 503 440 618 474; x_wconf 87' lang='lat' dir='ltr'><strong>terris</strong></span> <span class='ocrx_word' id='word_1_45' title='bbox 637 438 821 474; x_wconf 81' lang='lat' dir='ltr'><strong>festinem</strong></span> <span class='ocrx_word' id='word_1_46' title='bbox 841 438 1047 475; x_wconf 84' lang='lat' dir='ltr'><strong>advertere</strong></span> <span class='ocrx_word' id='word_1_47' title='bbox 1066 451 1235 487; x_wconf 87' lang='lat' dir='ltr'><strong>proram,</strong></span> 
     </span>
    </p>

    <p class='ocr_par' dir='ltr' id='par_1_7' title="bbox 162 489 1132 540">
     <span class='ocr_line' id='line_1_8' title="bbox 162 489 1132 540; baseline 0.001 -14"><span class='ocrx_word' id='word_1_48' title='bbox 162 489 324 526; x_wconf 81' lang='lat' dir='ltr'>forsitan</span> <span class='ocrx_word' id='word_1_49' title='bbox 345 495 397 533; x_wconf 88' lang='lat' dir='ltr'><strong>et,</strong></span> <span class='ocrx_word' id='word_1_50' title='bbox 419 493 575 540; x_wconf 82' lang='lat' dir='ltr'><strong>pinguis</strong></span> <span class='ocrx_word' id='word_1_51' title='bbox 596 491 729 527; x_wconf 88' lang='lat' dir='ltr'><strong>hortos</strong></span> <span class='ocrx_word' id='word_1_52' title='bbox 744 503 844 540; x_wconf 89' lang='lat' dir='ltr'><strong>quae</strong></span> <span class='ocrx_word' id='word_1_53' title='bbox 864 504 955 527; x_wconf 83' lang='lat' dir='ltr'><strong>cura</strong></span> <span class='ocrx_word' id='word_1_54' title='bbox 975 491 1132 527; x_wconf 89' lang='lat' dir='ltr'><strong>colendi</strong></span> 
     </span>
    </p>

    <p class='ocr_par' dir='ltr' id='par_1_8' title="bbox 162 543 1088 593">
     <span class='ocr_line' id='line_1_9' title="bbox 162 543 1088 593; baseline 0.001 -14"><span class='ocrx_word' id='word_1_55' title='bbox 162 548 331 587; x_wconf 87' lang='lat' dir='ltr'><strong>ornaret,</strong></span> <span class='ocrx_word' id='word_1_56' title='bbox 354 556 547 587; x_wconf 80' lang='lat' dir='ltr'><strong>canerem,</strong></span> <span class='ocrx_word' id='word_1_57' title='bbox 568 543 761 593; x_wconf 79' lang='lat' dir='ltr'><strong>biferique</strong></span> <span class='ocrx_word' id='word_1_58' title='bbox 782 546 923 580; x_wconf 89' lang='lat' dir='ltr'><strong>rosaria</strong></span> <span class='ocrx_word' id='word_1_59' title='bbox 946 543 1088 589; x_wconf 81' lang='lat' dir='ltr'><strong>Paesti,</strong></span> 
     </span>
    </p>

    <p class='ocr_par' dir='ltr' id='par_1_9' title="bbox 160 596 1338 646">
     <span class='ocr_line' id='line_1_10' title="bbox 160 596 1338 646; baseline 0.001 -14"><span class='ocrx_word' id='word_1_60' title='bbox 160 609 316 646; x_wconf 80' lang='lat' dir='ltr'><strong>quoque</strong></span> <span class='ocrx_word' id='word_1_61' title='bbox 336 596 455 633; x_wconf 86' lang='lat' dir='ltr'><strong>modo</strong></span> <span class='ocrx_word' id='word_1_62' title='bbox 474 599 578 645; x_wconf 89' lang='lat' dir='ltr'><strong>potis</strong></span> <span class='ocrx_word' id='word_1_63' title='bbox 598 597 820 645; x_wconf 80' lang='lat' dir='ltr'><strong>gauderent</strong></span> <span class='ocrx_word' id='word_1_64' title='bbox 834 597 958 633; x_wconf 85' lang='lat' dir='ltr'>intiba</span> <span class='ocrx_word' id='word_1_65' title='bbox 979 600 1069 633; x_wconf 86' lang='lat' dir='ltr'><strong>rivis</strong></span> <span class='ocrx_word' id='word_1_66' title='bbox 1269 601 1338 633; x_wconf 70' lang='lat'><strong>120</strong></span> 
     </span>
    </p>

    <p class='ocr_par' dir='ltr' id='par_1_10' title="bbox 162 649 1118 699">
     <span class='ocr_line' id='line_1_11' title="bbox 162 649 1118 699; baseline 0.002 -14"><span class='ocrx_word' id='word_1_67' title='bbox 162 655 203 685; x_wconf 88' lang='lat' dir='ltr'><strong>et</strong></span> <span class='ocrx_word' id='word_1_68' title='bbox 223 649 366 686; x_wconf 88' lang='lat' dir='ltr'><strong>virides</strong></span> <span class='ocrx_word' id='word_1_69' title='bbox 386 651 476 699; x_wconf 86' lang='lat' dir='ltr'><strong>apio</strong></span> <span class='ocrx_word' id='word_1_70' title='bbox 496 652 618 698; x_wconf 84' lang='lat' dir='ltr'><strong>ripae,</strong></span> <span class='ocrx_word' id='word_1_71' title='bbox 640 655 844 699; x_wconf 87' lang='lat' dir='ltr'><strong>tortusque</strong></span> <span class='ocrx_word' id='word_1_72' title='bbox 864 663 935 699; x_wconf 90' lang='lat' dir='ltr'><strong>per</strong></span> <span class='ocrx_word' id='word_1_73' title='bbox 956 650 1118 687; x_wconf 83' lang='lat' dir='ltr'><strong>herbam</strong></span> 
     </span>
    </p>

    <p class='ocr_par' dir='ltr' id='par_1_11' title="bbox 162 705 1276 746">
     <span class='ocr_line' id='line_1_12' title="bbox 162 705 1276 746; baseline 0.001 -8"><span class='ocrx_word' id='word_1_74' title='bbox 162 708 358 739; x_wconf 81' lang='lat' dir='ltr'><strong>cresceret</strong></span> <span class='ocrx_word' id='word_1_75' title='bbox 377 705 417 738; x_wconf 90' lang='lat' dir='ltr'><strong>in</strong></span> <span class='ocrx_word' id='word_1_76' title='bbox 437 708 615 739; x_wconf 89' lang='lat' dir='ltr'><strong>ventrem</strong></span> <span class='ocrx_word' id='word_1_77' title='bbox 638 706 831 746; x_wconf 84' lang='lat' dir='ltr'><strong>cucumis3</strong></span> <span class='ocrx_word' id='word_1_78' title='bbox 862 716 935 739; x_wconf 89' lang='lat' dir='ltr'><strong>nec</strong></span> <span class='ocrx_word' id='word_1_79' title='bbox 949 716 1034 739; x_wconf 84' lang='lat' dir='ltr'><strong>sera</strong></span> <span class='ocrx_word' id='word_1_80' title='bbox 1055 709 1276 740; x_wconf 82' lang='lat' dir='ltr'><strong>comantem</strong></span> 
     </span>
    </p>

    <p class='ocr_par' dir='ltr' id='par_1_12' title="bbox 162 755 1127 792">
     <span class='ocr_line' id='line_1_13' title="bbox 162 755 1127 792; baseline 0.001 -1"><span class='ocrx_word' id='word_1_81' title='bbox 162 759 374 792; x_wconf 86' lang='lat' dir='ltr'><strong>narcissum</strong></span> <span class='ocrx_word' id='word_1_82' title='bbox 393 760 461 791; x_wconf 86' lang='lat' dir='ltr'><strong>aut</strong></span> <span class='ocrx_word' id='word_1_83' title='bbox 481 755 570 792; x_wconf 80' lang='lat' dir='ltr'><strong>flexi</strong></span> <span class='ocrx_word' id='word_1_84' title='bbox 592 758 800 792; x_wconf 81' lang='lat' dir='ltr'><strong>tacuissem</strong></span> <span class='ocrx_word' id='word_1_85' title='bbox 822 759 953 792; x_wconf 88' lang='lat' dir='ltr'><strong>vimen</strong></span> <span class='ocrx_word' id='word_1_86' title='bbox 970 757 1127 792; x_wconf 79' lang='lat' dir='ltr'><strong>acanthi</strong></span> 
     </span>
    </p>

    <p class='ocr_par' dir='ltr' id='par_1_13' title="bbox 161 808 1172 860">
     <span class='ocr_line' id='line_1_14' title="bbox 161 808 1172 860; baseline 0.001 -16"><span class='ocrx_word' id='word_1_87' title='bbox 161 809 425 858; x_wconf 84' lang='lat' dir='ltr'><strong>pallentisque</strong></span> <span class='ocrx_word' id='word_1_88' title='bbox 445 808 612 845; x_wconf 80' lang='lat' dir='ltr'><strong>hederas</strong></span> <span class='ocrx_word' id='word_1_89' title='bbox 633 814 674 844; x_wconf 91' lang='lat' dir='ltr'><strong>et</strong></span> <span class='ocrx_word' id='word_1_90' title='bbox 693 811 861 845; x_wconf 84' lang='lat' dir='ltr'><strong>amantis</strong></span> <span class='ocrx_word' id='word_1_91' title='bbox 881 808 995 845; x_wconf 84' lang='lat' dir='ltr'><strong>litora</strong></span> <span class='ocrx_word' id='word_1_92' title='bbox 1014 814 1172 860; x_wconf 85' lang='lat' dir='ltr'><strong>myrtos.</strong></span> 
     </span>
    </p>

    <p class='ocr_par' dir='ltr' id='par_1_14' title="bbox 161 861 1342 911">
     <span class='ocr_line' id='line_1_15' title="bbox 161 861 1342 911; baseline 0.002 -14"><span class='ocrx_word' id='word_1_93' title='bbox 161 875 331 911; x_wconf 88' lang='lat' dir='ltr'><strong>namque</strong></span> <span class='ocrx_word' id='word_1_94' title='bbox 352 862 422 897; x_wconf 90' lang='lat' dir='ltr'><strong>sub</strong></span> <span class='ocrx_word' id='word_1_95' title='bbox 443 861 633 898; x_wconf 81' lang='lat' dir='ltr'><strong>Oebaliae</strong></span> <span class='ocrx_word' id='word_1_96' title='bbox 653 864 815 898; x_wconf 88' lang='lat' dir='ltr'><strong>memini</strong></span> <span class='ocrx_word' id='word_1_97' title='bbox 834 874 898 898; x_wconf 93' lang='lat' dir='ltr'><strong>me</strong></span> <span class='ocrx_word' id='word_1_98' title='bbox 919 862 1090 899; x_wconf 86' lang='lat' dir='ltr'><strong>turribus</strong></span> <span class='ocrx_word' id='word_1_99' title='bbox 1109 865 1222 907; x_wconf 88' lang='lat' dir='ltr'><strong>arcis,</strong></span> <span class='ocrx_word' id='word_1_100' title='bbox 1288 875 1342 899; x_wconf 74' lang='grc' dir='ltr'><strong>ΜΡ</strong></span> 
     </span>
    </p>

    <p class='ocr_par' dir='ltr' id='par_1_15' title="bbox 162 914 1340 964">
     <span class='ocr_line' id='line_1_16' title="bbox 162 914 1340 964; baseline 0.002 -14"><span class='ocrx_word' id='word_1_101' title='bbox 162 928 238 964; x_wconf 87' lang='lat' dir='ltr'><strong>qua</strong></span> <span class='ocrx_word' id='word_1_102' title='bbox 257 917 371 963; x_wconf 82' lang='lat' dir='ltr'><strong>niger</strong></span> <span class='ocrx_word' id='word_1_103' title='bbox 390 920 566 951; x_wconf 81' lang='lat' dir='ltr'><strong>umectat</strong></span> <span class='ocrx_word' id='word_1_104' title='bbox 586 914 768 951; x_wconf 86' lang='lat' dir='ltr'><strong>flaventia</strong></span> <span class='ocrx_word' id='word_1_105' title='bbox 788 915 893 951; x_wconf 87' lang='lat' dir='ltr'><strong>culta</strong></span> <span class='ocrx_word' id='word_1_106' title='bbox 914 914 1117 960; x_wconf 83' lang='lat' dir='ltr'><strong>Galaesus,</strong></span> <span class='ocrx_word' id='word_1_107' title='bbox 1268 915 1340 952; x_wconf 74' lang='lat'><strong>126</strong></span> 
     </span>
    </p>

    <p class='ocr_par' dir='ltr' id='par_1_16' title="bbox 162 967 1066 1017">
     <span class='ocr_line' id='line_1_17' title="bbox 162 967 1066 1017; baseline 0.002 -14"><span class='ocrx_word' id='word_1_108' title='bbox 162 968 368 1017; x_wconf 73' lang='lat' dir='ltr'><strong>Corycium</strong></span> <span class='ocrx_word' id='word_1_109' title='bbox 389 967 529 1003; x_wconf 80' lang='lat' dir='ltr'><strong>vidisse</strong></span> <span class='ocrx_word' id='word_1_110' title='bbox 550 980 698 1011; x_wconf 88' lang='lat' dir='ltr'><strong>senem,</strong></span> <span class='ocrx_word' id='word_1_111' title='bbox 720 970 781 1004; x_wconf 89' lang='lat' dir='ltr'><strong>cui</strong></span> <span class='ocrx_word' id='word_1_112' title='bbox 797 981 920 1017; x_wconf 83' lang='lat' dir='ltr'><strong>pauca</strong></span> <span class='ocrx_word' id='word_1_113' title='bbox 937 968 1066 1005; x_wconf 82' lang='lat' dir='ltr'><strong>relicti</strong></span> 
     </span>
    </p>

    <p class='ocr_par' dir='ltr' id='par_1_17' title="bbox 163 1020 1102 1069">
     <span class='ocr_line' id='line_1_18' title="bbox 163 1020 1102 1069; baseline 0.002 -13"><span class='ocrx_word' id='word_1_114' title='bbox 163 1024 298 1069; x_wconf 81' lang='lat' dir='ltr'><strong>iugera</strong></span> <span class='ocrx_word' id='word_1_115' title='bbox 317 1023 414 1056; x_wconf 91' lang='lat' dir='ltr'><strong>ruris</strong></span> <span class='ocrx_word' id='word_1_116' title='bbox 436 1026 561 1064; x_wconf 84' lang='lat' dir='ltr'><strong>erant,</strong></span> <span class='ocrx_word' id='word_1_117' title='bbox 582 1033 657 1057; x_wconf 87' lang='lat' dir='ltr'><strong>nec</strong></span> <span class='ocrx_word' id='word_1_118' title='bbox 678 1020 819 1057; x_wconf 85' lang='lat' dir='ltr'><strong>fertilis</strong></span> <span class='ocrx_word' id='word_1_119' title='bbox 840 1021 908 1057; x_wconf 82' lang='lat' dir='ltr'><strong>illa</strong></span> <span class='ocrx_word' id='word_1_120' title='bbox 927 1023 1102 1058; x_wconf 86' lang='lat' dir='ltr'><strong>iuvencis</strong></span> 
     </span>
    </p>

    <p class='ocr_par' dir='ltr' id='par_1_18' title="bbox 163 1074 1278 1123">
     <span class='ocr_line' id='line_1_19' title="bbox 163 1074 1278 1123; baseline 0.003 -14"><span class='ocrx_word' id='word_1_121' title='bbox 163 1086 236 1109; x_wconf 90' lang='lat' dir='ltr'><strong>nec</strong></span> <span class='ocrx_word' id='word_1_122' title='bbox 254 1076 388 1122; x_wconf 89' lang='lat' dir='ltr'><strong>pecori</strong></span> <span class='ocrx_word' id='word_1_123' title='bbox 407 1079 630 1122; x_wconf 89' lang='lat' dir='ltr'><strong>opportuna</strong></span> <span class='ocrx_word' id='word_1_124' title='bbox 650 1086 762 1123; x_wconf 83' lang='lat' dir='ltr'><strong>seges</strong></span> <span class='ocrx_word' id='word_1_125' title='bbox 782 1087 855 1110; x_wconf 87' lang='lat' dir='ltr'><strong>nee</strong></span> <span class='ocrx_word' id='word_1_126' title='bbox 875 1074 1079 1111; x_wconf 84' lang='lat' dir='ltr'><strong>commoda</strong></span> <span class='ocrx_word' id='word_1_127' title='bbox 1100 1075 1254 1112; x_wconf 87' lang='lat' dir='ltr'><strong>Baccho</strong></span> <span class='ocrx_word' id='word_1_128' title='bbox 1271 1089 1278 1112; x_wconf 89' lang='lat'>:</span> 
     </span>
    </p>

    <p class='ocr_par' dir='ltr' id='par_1_19' title="bbox 162 1126 1341 1177">
     <span class='ocr_line' id='line_1_20' title="bbox 162 1126 1341 1177; baseline 0.001 -15"><span class='ocrx_word' id='word_1_129' title='bbox 162 1127 227 1163; x_wconf 86' lang='lat' dir='ltr'><strong>hic</strong></span> <span class='ocrx_word' id='word_1_130' title='bbox 247 1139 376 1162; x_wconf 85' lang='lat' dir='ltr'><strong>rarum</strong></span> <span class='ocrx_word' id='word_1_131' title='bbox 397 1132 530 1163; x_wconf 88' lang='lat' dir='ltr'><strong>tamen</strong></span> <span class='ocrx_word' id='word_1_132' title='bbox 553 1130 591 1162; x_wconf 91' lang='lat' dir='ltr'><strong>in</strong></span> <span class='ocrx_word' id='word_1_133' title='bbox 612 1127 740 1162; x_wconf 85' lang='lat' dir='ltr'><strong>dumis</strong></span> <span class='ocrx_word' id='word_1_134' title='bbox 761 1126 845 1163; x_wconf 86' lang='lat' dir='ltr'><strong>olus</strong></span> <span class='ocrx_word' id='word_1_135' title='bbox 864 1127 1031 1177; x_wconf 86' lang='lat' dir='ltr'><strong>albaque</strong></span> <span class='ocrx_word' id='word_1_136' title='bbox 1047 1131 1189 1165; x_wconf 84' lang='lat' dir='ltr'><strong>circum</strong></span> <span class='ocrx_word' id='word_1_137' title='bbox 1269 1131 1341 1164; x_wconf 85' lang='lat'><strong>130</strong></span> 
     </span>
    </p>

    <p class='ocr_par' dir='ltr' id='par_1_20' title="bbox 162 1180 1184 1230">
     <span class='ocr_line' id='line_1_21' title="bbox 162 1180 1184 1230; baseline 0.003 -15"><span class='ocrx_word' id='word_1_138' title='bbox 162 1180 245 1216; x_wconf 86' lang='lat' dir='ltr'><strong>lilia</strong></span> <span class='ocrx_word' id='word_1_139' title='bbox 265 1180 533 1229; x_wconf 84' lang='lat' dir='ltr'><strong>verbenasque</strong></span> <span class='ocrx_word' id='word_1_140' title='bbox 554 1193 739 1228; x_wconf 89' lang='lat' dir='ltr'><strong>premens</strong></span> <span class='ocrx_word' id='word_1_141' title='bbox 756 1193 991 1229; x_wconf 85' lang='lat' dir='ltr'><strong>vescumque</strong></span> <span class='ocrx_word' id='word_1_142' title='bbox 1011 1194 1184 1230; x_wconf 83' lang='lat' dir='ltr'><strong>papaver</strong></span> 
     </span>
    </p>

    <p class='ocr_par' dir='ltr' id='par_1_21' title="bbox 162 1233 1206 1283">
     <span class='ocr_line' id='line_1_22' title="bbox 162 1233 1206 1283; baseline 0.002 -14"><span class='ocrx_word' id='word_1_143' title='bbox 162 1246 300 1282; x_wconf 80' lang='lat' dir='ltr'><strong>regum</strong></span> <span class='ocrx_word' id='word_1_144' title='bbox 319 1233 516 1283; x_wconf 81' lang='lat' dir='ltr'><strong>aequabat</strong></span> <span class='ocrx_word' id='word_1_145' title='bbox 534 1246 629 1282; x_wconf 89' lang='lat' dir='ltr'><strong>opes</strong></span> <span class='ocrx_word' id='word_1_146' title='bbox 647 1235 800 1278; x_wconf 84' lang='lat' dir='ltr'><strong>animis,</strong></span> <span class='ocrx_word' id='word_1_147' title='bbox 821 1246 983 1283; x_wconf 89' lang='lat' dir='ltr'><strong>seraque</strong></span> <span class='ocrx_word' id='word_1_148' title='bbox 1003 1239 1206 1271; x_wconf 88' lang='lat' dir='ltr'><strong>revertens</strong></span> 
     </span>
    </p>

    <p class='ocr_par' dir='ltr' id='par_1_22' title="bbox 162 1285 1236 1337">
     <span class='ocr_line' id='line_1_23' title="bbox 162 1285 1236 1337; baseline 0.003 -16"><span class='ocrx_word' id='word_1_149' title='bbox 162 1291 278 1322; x_wconf 90' lang='lat' dir='ltr'><strong>nocte</strong></span> <span class='ocrx_word' id='word_1_150' title='bbox 293 1285 456 1322; x_wconf 88' lang='lat' dir='ltr'><strong>domum</strong></span> <span class='ocrx_word' id='word_1_151' title='bbox 475 1287 641 1336; x_wconf 83' lang='lat' dir='ltr'><strong>dapibus</strong></span> <span class='ocrx_word' id='word_1_152' title='bbox 661 1298 814 1322; x_wconf 87' lang='lat' dir='ltr'><strong>mensas</strong></span> <span class='ocrx_word' id='word_1_153' title='bbox 832 1287 1022 1322; x_wconf 83' lang='lat' dir='ltr'><strong>onerabat</strong></span> <span class='ocrx_word' id='word_1_154' title='bbox 1040 1289 1236 1337; x_wconf 89' lang='lat' dir='ltr'><strong>inemptis.</strong></span> 
     </span>
    </p>

    <p class='ocr_par' dir='ltr' id='par_1_23' title="bbox 162 1341 1241 1389">
     <span class='ocr_line' id='line_1_24' title="bbox 162 1341 1241 1389; baseline 0.003 -15"><span class='ocrx_word' id='word_1_155' title='bbox 162 1341 310 1388; x_wconf 87' lang='lat' dir='ltr'><strong>primus</strong></span> <span class='ocrx_word' id='word_1_156' title='bbox 330 1351 421 1375; x_wconf 90' lang='lat' dir='ltr'><strong>vere</strong></span> <span class='ocrx_word' id='word_1_157' title='bbox 441 1352 565 1376; x_wconf 79' lang='lat' dir='ltr'><strong>rosam</strong></span> <span class='ocrx_word' id='word_1_158' title='bbox 586 1344 703 1388; x_wconf 88' lang='lat' dir='ltr'><strong>atque</strong></span> <span class='ocrx_word' id='word_1_159' title='bbox 723 1344 912 1375; x_wconf 84' lang='lat' dir='ltr'><strong>autumno</strong></span> <span class='ocrx_word' id='word_1_160' title='bbox 932 1353 1091 1389; x_wconf 86' lang='lat' dir='ltr'><strong>carpere</strong></span> <span class='ocrx_word' id='word_1_161' title='bbox 1112 1354 1241 1389; x_wconf 88' lang='lat' dir='ltr'><strong>poma,</strong></span> 
     </span>
    </p>

    <p class='ocr_par' dir='ltr' id='par_1_24' title="bbox 163 1391 1340 1442">
     <span class='ocr_line' id='line_1_25' title="bbox 163 1391 1340 1442; baseline 0.002 -14"><span class='ocrx_word' id='word_1_162' title='bbox 163 1397 204 1428; x_wconf 88' lang='lat' dir='ltr'><strong>et</strong></span> <span class='ocrx_word' id='word_1_163' title='bbox 224 1405 311 1428; x_wconf 88' lang='lat' dir='ltr'><strong>cum</strong></span> <span class='ocrx_word' id='word_1_164' title='bbox 332 1394 455 1428; x_wconf 86' lang='lat' dir='ltr'><strong>tristis</strong></span> <span class='ocrx_word' id='word_1_165' title='bbox 475 1392 601 1428; x_wconf 87' lang='lat' dir='ltr'><strong>hiems</strong></span> <span class='ocrx_word' id='word_1_166' title='bbox 621 1395 837 1428; x_wconf 86' lang='lat' dir='ltr'><strong>etiamnum</strong></span> <span class='ocrx_word' id='word_1_167' title='bbox 859 1391 1003 1442; x_wconf 85' lang='lat' dir='ltr'><strong>frigore</strong></span> <span class='ocrx_word' id='word_1_168' title='bbox 1023 1405 1113 1429; x_wconf 86' lang='lat' dir='ltr'><strong>saxa</strong></span> <span class='ocrx_word' id='word_1_169' title='bbox 1270 1398 1340 1431; x_wconf 77' lang='lat'><strong>135</strong></span> 
     </span>
    </p>

    <p class='ocr_par' dir='ltr' id='par_1_25' title="bbox 162 1444 1137 1496">
     <span class='ocr_line' id='line_1_26' title="bbox 162 1444 1137 1496; baseline 0.002 -16"><span class='ocrx_word' id='word_1_170' title='bbox 162 1450 366 1494; x_wconf 84' lang='lat' dir='ltr'><strong>rumperet</strong></span> <span class='ocrx_word' id='word_1_171' title='bbox 386 1450 426 1481; x_wconf 92' lang='lat' dir='ltr'><strong>et</strong></span> <span class='ocrx_word' id='word_1_172' title='bbox 446 1446 571 1495; x_wconf 85' lang='lat' dir='ltr'><strong>glacie</strong></span> <span class='ocrx_word' id='word_1_173' title='bbox 592 1458 723 1481; x_wconf 83' lang='lat' dir='ltr'><strong>cursus</strong></span> <span class='ocrx_word' id='word_1_174' title='bbox 743 1444 917 1481; x_wconf 79' lang='lat' dir='ltr'><strong>frenaret</strong></span> <span class='ocrx_word' id='word_1_175' title='bbox 936 1459 1137 1496; x_wconf 86' lang='lat' dir='ltr'><strong>aquarum,</strong></span> 
     </span>
    </p>

    <p class='ocr_par' dir='ltr' id='par_1_26' title="bbox 163 1497 1084 1548">
     <span class='ocr_line' id='line_1_27' title="bbox 163 1497 1084 1548; baseline 0.002 -15"><span class='ocrx_word' id='word_1_176' title='bbox 163 1498 230 1533; x_wconf 90' lang='lat' dir='ltr'><strong>ille</strong></span> <span class='ocrx_word' id='word_1_177' title='bbox 251 1511 400 1534; x_wconf 84' lang='lat' dir='ltr'><strong>comam</strong></span> <span class='ocrx_word' id='word_1_178' title='bbox 422 1498 549 1534; x_wconf 88' lang='lat' dir='ltr'><strong>mollis</strong></span> <span class='ocrx_word' id='word_1_179' title='bbox 570 1501 646 1534; x_wconf 87' lang='lat' dir='ltr'><strong>iam</strong></span> <span class='ocrx_word' id='word_1_180' title='bbox 666 1497 861 1534; x_wconf 76' lang='lat' dir='ltr'><strong>tondebat</strong></span> <span class='ocrx_word' id='word_1_181' title='bbox 881 1498 1084 1548; x_wconf 84' lang='lat' dir='ltr'><strong>hyacinthi</strong></span> 
     </span>
    </p>

    <p class='ocr_par' dir='ltr' id='par_1_27' title="bbox 162 1550 1287 1601">
     <span class='ocr_line' id='line_1_28' title="bbox 162 1550 1287 1601; baseline 0.004 -15"><span class='ocrx_word' id='word_1_182' title='bbox 162 1557 357 1588; x_wconf 74' lang='lat' dir='ltr'><strong>aestatem</strong></span> <span class='ocrx_word' id='word_1_183' title='bbox 379 1554 618 1600; x_wconf 85' lang='lat' dir='ltr'><strong>increpitans</strong></span> <span class='ocrx_word' id='word_1_184' title='bbox 638 1564 764 1587; x_wconf 83' lang='lat' dir='ltr'><strong>seram</strong></span> <span class='ocrx_word' id='word_1_185' title='bbox 786 1550 1065 1601; x_wconf 80' lang='lat' dir='ltr'><strong>Zephyrosque</strong></span> <span class='ocrx_word' id='word_1_186' title='bbox 1085 1555 1287 1590; x_wconf 87' lang='lat' dir='ltr'><strong>morantis.</strong></span> 
     </span>
    </p>
   </div>
   <div class='ocr_carea' id='block_1_3' title="bbox 164 1630 1341 2014">
    <p class='ocr_par' dir='ltr' id='par_1_28' title="bbox 164 1630 1341 2014">
     <span class='ocr_line' id='line_1_29' title="bbox 249 1630 1138 1671; baseline 0 -9"><span class='ocrx_word' id='word_1_187' title='bbox 249 1631 292 1650; x_wconf 73' lang='lat'><strong>¹1²</strong></span> <span class='ocrx_word' id='word_1_188' title='bbox 316 1632 407 1663; x_wconf 85' lang='lat' dir='ltr'><strong>tinos</strong></span> <span class='ocrx_word' id='word_1_189' title='bbox 423 1631 515 1667; x_wconf 80' lang='lat' dir='ltr'><em>M¹P‚</em></span> <span class='ocrx_word' id='word_1_190' title='bbox 533 1631 646 1662; x_wconf 75' lang='lat' dir='ltr'><strong>known</strong></span> <span class='ocrx_word' id='word_1_191' title='bbox 661 1634 691 1661; x_wconf 83' lang='lat' dir='ltr'><strong>to</strong></span> <span class='ocrx_word' id='word_1_192' title='bbox 707 1630 943 1671; x_wconf 72' lang='lat' dir='ltr'><strong>Philarqyrius</strong></span> <span class='ocrx_word' id='word_1_193' title='bbox 956 1644 965 1662; x_wconf 92' lang='grc'><strong>,·</strong></span> <span class='ocrx_word' id='word_1_194' title='bbox 988 1631 1086 1671; x_wconf 83' lang='lat' dir='ltr'><strong>pinos</strong></span> <span class='ocrx_word' id='word_1_195' title='bbox 1102 1631 1138 1662; x_wconf 82' lang='lat' dir='ltr'><strong>F.</strong></span> 
     </span>
     <span class='ocr_line' id='line_1_30' title="bbox 249 1673 1189 1713; baseline 0 -8"><span class='ocrx_word' id='word_1_196' title='bbox 249 1675 292 1693; x_wconf 76' lang='lat'><strong>1¹³</strong></span> <span class='ocrx_word' id='word_1_197' title='bbox 315 1675 443 1706; x_wconf 87' lang='lat' dir='ltr'><strong>circum</strong></span> <span class='ocrx_word' id='word_1_198' title='bbox 461 1675 529 1704; x_wconf 84' lang='lat' dir='ltr'><strong>late</strong></span> <span class='ocrx_word' id='word_1_199' title='bbox 546 1675 586 1705; x_wconf 90' lang='lat' dir='ltr'><strong>P.</strong></span> <span class='ocrx_word' id='word_1_200' title='bbox 731 1673 776 1692; x_wconf 76' lang='lat'><strong>¹²⁰</strong></span> <span class='ocrx_word' id='word_1_201' title='bbox 799 1674 897 1713; x_wconf 89' lang='lat' dir='ltr'><strong>rivis]</strong></span> <span class='ocrx_word' id='word_1_202' title='bbox 914 1674 1008 1704; x_wconf 84' lang='lat' dir='ltr'><strong>fibris</strong></span> <span class='ocrx_word' id='word_1_203' title='bbox 1030 1674 1189 1705; x_wconf 72' lang='lat' dir='ltr'><strong>Priscian</strong></span> 
     </span>
     <span class='ocr_line' id='line_1_31' title="bbox 251 1716 595 1755; baseline -0.003 -7"><span class='ocrx_word' id='word_1_204' title='bbox 251 1716 294 1736; x_wconf 78' lang='lat'><strong>¹²⁴</strong></span> <span class='ocrx_word' id='word_1_205' title='bbox 318 1728 397 1755; x_wconf 83' lang='lat' dir='ltr'><strong>-que</strong></span> <span class='ocrx_word' id='word_1_206' title='bbox 412 1717 543 1748; x_wconf 78' lang='lat' dir='ltr'><strong>omitted</strong></span> <span class='ocrx_word' id='word_1_207' title='bbox 559 1718 595 1748; x_wconf 80' lang='lat' dir='ltr'><strong>F.</strong></span> 
     </span>
     <span class='ocr_line' id='line_1_32' title="bbox 249 1759 1041 1795; baseline 0 -4"><span class='ocrx_word' id='word_1_208' title='bbox 249 1760 293 1778; x_wconf 74' lang='lat'><strong>¹²⁵</strong></span> <span class='ocrx_word' id='word_1_209' title='bbox 318 1761 403 1792; x_wconf 82' lang='lat' dir='ltr'><strong>arcis</strong></span> <span class='ocrx_word' id='word_1_210' title='bbox 417 1761 468 1792; x_wconf 89' lang='lat' dir='ltr'><strong>P:</strong></span> <span class='ocrx_word' id='word_1_211' title='bbox 490 1761 570 1791; x_wconf 79' lang='lat' dir='ltr'><strong>altis</strong></span> <span class='ocrx_word' id='word_1_212' title='bbox 586 1759 680 1795; x_wconf 77' lang='lat' dir='ltr'><strong><em>FJI2,</em></strong></span> <span class='ocrx_word' id='word_1_213' title='bbox 698 1760 830 1791; x_wconf 73' lang='lat' dir='ltr'><strong>Servius</strong></span> <span class='ocrx_word' id='word_1_214' title='bbox 844 1772 854 1792; x_wconf 89' lang='lat'><em>:</em></span> <span class='ocrx_word' id='word_1_215' title='bbox 876 1760 965 1790; x_wconf 70' lang='lat' dir='ltr'><strong>antis</strong></span> <span class='ocrx_word' id='word_1_216' title='bbox 977 1759 1041 1791; x_wconf 72' lang='lat' dir='ltr'><strong>Ml.</strong></span> 
     </span>
     <span class='ocr_line' id='line_1_33' title="bbox 250 1802 1009 1834; baseline 0.001 -1"><span class='ocrx_word' id='word_1_217' title='bbox 250 1803 291 1821; x_wconf 70' lang='lat'><strong>¹⁸⁷</strong></span> <span class='ocrx_word' id='word_1_218' title='bbox 317 1803 382 1833; x_wconf 84' lang='lat' dir='ltr'><strong>iam</strong></span> <span class='ocrx_word' id='word_1_219' title='bbox 399 1806 472 1834; x_wconf 84' lang='lat' dir='ltr'><strong>tum</strong></span> <span class='ocrx_word' id='word_1_220' title='bbox 489 1803 527 1833; x_wconf 92' lang='lat' dir='ltr'><strong>P.</strong></span> <span class='ocrx_word' id='word_1_221' title='bbox 559 1804 694 1834; x_wconf 82' lang='lat' dir='ltr'><strong>aohanti</strong></span> <span class='ocrx_word' id='word_1_222' title='bbox 712 1803 786 1834; x_wconf 73' lang='lat' dir='ltr'><strong>Ml:</strong></span> <span class='ocrx_word' id='word_1_223' title='bbox 811 1804 923 1834; x_wconf 67' lang='lat' dir='ltr'><strong>aeanti</strong></span> <span class='ocrx_word' id='word_1_224' title='bbox 940 1802 1009 1834; x_wconf 58' lang='grc'><strong>312.</strong></span> 
     </span>
     <span class='ocr_line' id='line_1_34' title="bbox 211 1889 1341 1930; baseline -0.002 -9"><span class='ocrx_word' id='word_1_225' title='bbox 211 1890 220 1908; x_wconf 76' lang='lat'>¹</span> <span class='ocrx_word' id='word_1_226' title='bbox 247 1890 423 1928; x_wconf 76' lang='lat' dir='ltr'><strong>Referring</strong></span> <span class='ocrx_word' id='word_1_227' title='bbox 440 1892 475 1920; x_wconf 83' lang='lat' dir='ltr'><strong>to</strong></span> <span class='ocrx_word' id='word_1_228' title='bbox 492 1890 551 1920; x_wconf 83' lang='lat' dir='ltr'><strong>the</strong></span> <span class='ocrx_word' id='word_1_229' title='bbox 572 1889 654 1920; x_wconf 87' lang='lat' dir='ltr'><strong>rude</strong></span> <span class='ocrx_word' id='word_1_230' title='bbox 669 1889 811 1921; x_wconf 77' lang='lat' dir='ltr'><strong>wooden</strong></span> <span class='ocrx_word' id='word_1_231' title='bbox 833 1890 956 1928; x_wconf 85' lang='lat' dir='ltr'><strong>figures</strong></span> <span class='ocrx_word' id='word_1_232' title='bbox 975 1890 1011 1921; x_wconf 75' lang='lat' dir='ltr'><strong>of</strong></span> <span class='ocrx_word' id='word_1_233' title='bbox 1032 1890 1173 1930; x_wconf 82' lang='lat' dir='ltr'><strong>Priapus</strong></span> <span class='ocrx_word' id='word_1_234' title='bbox 1199 1891 1341 1929; x_wconf 71' lang='lat' dir='ltr'><strong>holding</strong></span> 
     </span>
     <span class='ocr_line' id='line_1_35' title="bbox 165 1932 1338 1973; baseline -0.001 -9"><span class='ocrx_word' id='word_1_235' title='bbox 165 1944 184 1964; x_wconf 86' lang='lat' dir='ltr'><strong>a</strong></span> <span class='ocrx_word' id='word_1_236' title='bbox 203 1933 341 1964; x_wconf 72' lang='lat' dir='ltr'><strong>wooden</strong></span> <span class='ocrx_word' id='word_1_237' title='bbox 358 1933 466 1963; x_wconf 85' lang='lat' dir='ltr'><strong>sickle</strong></span> <span class='ocrx_word' id='word_1_238' title='bbox 483 1933 517 1962; x_wconf 88' lang='lat' dir='ltr'><strong>in</strong></span> <span class='ocrx_word' id='word_1_239' title='bbox 534 1933 591 1963; x_wconf 83' lang='lat' dir='ltr'><strong>the</strong></span> <span class='ocrx_word' id='word_1_240' title='bbox 610 1932 710 1969; x_wconf 82' lang='lat' dir='ltr'><strong>hand,</strong></span> <span class='ocrx_word' id='word_1_241' title='bbox 728 1933 839 1963; x_wconf 82' lang='lat' dir='ltr'><strong>which</strong></span> <span class='ocrx_word' id='word_1_242' title='bbox 857 1942 941 1963; x_wconf 81' lang='lat' dir='ltr'><strong>were</strong></span> <span class='ocrx_word' id='word_1_243' title='bbox 958 1934 1007 1963; x_wconf 80' lang='lat' dir='ltr'><strong>set</strong></span> <span class='ocrx_word' id='word_1_244' title='bbox 1024 1941 1068 1973; x_wconf 78' lang='lat' dir='ltr'><strong>up</strong></span> <span class='ocrx_word' id='word_1_245' title='bbox 1084 1933 1119 1963; x_wconf 88' lang='lat' dir='ltr'><strong>in</strong></span> <span class='ocrx_word' id='word_1_246' title='bbox 1137 1933 1283 1971; x_wconf 84' lang='lat' dir='ltr'><strong>gardens</strong></span> <span class='ocrx_word' id='word_1_247' title='bbox 1302 1937 1338 1964; x_wconf 92' lang='lat' dir='ltr'><strong>to</strong></span> 
     </span>
     <span class='ocr_line' id='line_1_36' title="bbox 164 1974 863 2014; baseline 0 -9"><span class='ocrx_word' id='word_1_248' title='bbox 164 1979 295 2014; x_wconf 74' lang='lat' dir='ltr'><strong>protect</strong></span> <span class='ocrx_word' id='word_1_249' title='bbox 314 1976 407 2006; x_wconf 87' lang='lat' dir='ltr'><strong>them</strong></span> <span class='ocrx_word' id='word_1_250' title='bbox 424 1976 511 2006; x_wconf 72' lang='lat' dir='ltr'><strong>from</strong></span> <span class='ocrx_word' id='word_1_251' title='bbox 529 1976 659 2006; x_wconf 76' lang='lat' dir='ltr'><strong>thieves</strong></span> <span class='ocrx_word' id='word_1_252' title='bbox 677 1974 743 2005; x_wconf 90' lang='lat' dir='ltr'><strong>and</strong></span> <span class='ocrx_word' id='word_1_253' title='bbox 761 1975 863 2006; x_wconf 76' lang='lat' dir='ltr'><strong>birds.</strong></span> 
     </span>
    </p>
   </div>
   <div class='ocr_carea' id='block_1_4' title="bbox 167 2035 242 2066">
    <p class='ocr_par' dir='ltr' id='par_1_29' title="bbox 167 2035 242 2066">
     <span class='ocr_line' id='line_1_37' title="bbox 167 2035 242 2066; baseline -0.013 0"><span class='ocrx_word' id='word_1_254' title='bbox 167 2035 242 2066; x_wconf 61' lang='lat'><strong>⁶204</strong></span> 
     </span>
    </p>
   </div>
  </div>
 </body>
</html>
