1430 2335
670 97 862 134 VIRGIL

231 174 349 210 Disce
371 179 412 210 et
433 174 635 209 odoratam
655 173 819 210 stabulis
837 174 1056 211 accendere
1076 173 1249 220 cedrum,

178 227 450 276 galbaneoque
470 229 620 276 agitare
641 229 768 275 gravis
787 227 925 264 nidore
945 227 1168 278 chelydros,
1277 232 1352 264 415

179 293 296 328 saepe
316 281 387 317 sub
407 282 579 316 immotis
599 280 853 328 praesepibus
871 285 940 316 aut
954 280 1057 316 mala
1075 286 1184 317 tactu

179 337 314 382 vipera
333 334 496 370 delituit
516 333 748 382 caelumque
769 336 958 370 exterrita
977 334 1093 383 fugit,

179 392 247 423 aut
266 391 375 423 tecto
395 387 582 423 adsuetus
602 386 762 423 coluber
780 386 991 423 succedere
1011 393 1053 424 et
1072 388 1232 423 umbrae

179 440 321 489 (pestis
340 441 481 475 acerba
503 438 638 490 boum)
658 443 870 488 pecorique
890 440 1130 489 adspergere
1149 444 1265 485 virus,

180 494 279 528 fovit
300 492 472 530 humum.
531 505 626 541 cape
647 506 736 528 saxa
756 506 888 537 manu,
908 506 1003 542 cape
1023 494 1173 539 robora,
1193 499 1339 543 pastor,

181 546 470 595 tollentemque
491 549 615 581 minas
637 551 677 582 et
696 546 807 581 sibila
827 545 926 582 colla
945 550 1170 583 tumentem
1279 551 1351 582 421

182 600 306 636 deice.
365 602 521 648 iamque
542 599 636 648 fuga
654 599 839 635 timidum
860 604 979 648 caput
996 599 1151 636 abdidit
1169 600 1262 644 alte,

182 666 270 689 cum
290 653 411 688 medii
431 665 554 689 nexus
575 657 856 701 extremaeque
876 654 1032 701 agmina
1051 653 1198 689 caudae

182 706 398 748 solvuntur,
420 706 632 754 tardosque
652 705 776 742 trahit
795 708 901 742 sinus
921 706 1083 742 ultimus
1102 707 1215 743 orbis.

182 765 243 795 est
264 762 385 795 etiam
404 759 471 795 ille
492 759 617 795 malus
638 759 812 795 Calabris
831 762 871 794 in
892 759 1055 795 saltibus
1074 762 1225 808 anguiS,
1282 763 1356 796 4⁶25

182 824 366 861 squamea
385 812 622 848 convolvens
642 812 798 848 sublato
817 817 979 860 pectore
1000 818 1112 861 terga

181 871 301 914 atque
322 867 425 901 notis
444 865 602 914 longam
623 865 842 901 maculosus
863 866 1076 914 grandibus
1095 867 1237 911 alvum,

182 922 261 967 qni,
282 919 377 954 dum
396 931 532 954 amnes
554 918 620 954 ulli
641 924 878 967 rumpuntur
897 919 1071 955 sontibus
1091 925 1133 956 et
1158 920 1252 956 dum

182 984 273 1008 vere
295 971 459 1008 madent
478 971 557 1008 udo
577 976 706 1008 terrae
725 985 770 1008 ac
790 972 1026 1020 pluvialibus
1047 973 1215 1016 Austris,

181 1030 321 1074 stagna
340 1025 444 1071 colit,
460 1028 631 1074 ripisque
653 1025 834 1061 habitans
853 1025 917 1061 hic
936 1026 1105 1073 piscibus
1124 1032 1248 1063 atram
1281 1029 1358 1062 430

182 1079 382 1126 improbus
401 1078 616 1126 ingluviem
638 1081 819 1127 ranisque
840 1078 1067 1128 loquacibus
1087 1080 1246 1128 explet3

181 1136 386 1180 postquam
408 1137 547 1168 exusta
567 1131 690 1179 palus,
709 1137 916 1180 terraeque
935 1132 1072 1168 ardore
1092 1132 1314 1177 dehiscunt,

181 1185 314 1220 exsilit
334 1188 372 1220 in
395 1187 553 1227 siccum,
574 1189 616 1220 et
636 1184 876 1221 flammantia
896 1185 1044 1221 lumina
1064 1191 1252 1235 torquens

181 1240 306 1274 saevit
326 1240 428 1285 agris
448 1250 641 1286 asperque
661 1240 725 1274 siti
745 1243 865 1287 atque
885 1242 1097 1275 exterritus
1116 1245 1239 1275 aestu.

181 1304 231 1327 ne
252 1290 348 1326 mihi
368 1296 451 1327 tum
473 1291 601 1327 mollis
622 1291 693 1327 sub
713 1290 803 1327 divo
823 1304 982 1340 carpere
1002 1304 1156 1328 somnos
1281 1295 1356 1327 435

182 1357 258 1379 neu
280 1344 395 1380 dorso
415 1347 586 1381 nemoris
607 1344 729 1380 libeat
748 1347 912 1380 iacuisse
933 1357 1004 1393 per
1023 1345 1177 1391 herbas,

181 1410 269 1432 cuni
290 1400 427 1445 positis
446 1410 568 1433 novus
589 1400 738 1433 exuviis
756 1397 983 1447 nitidusque
1004 1400 1165 1435 iuventa

181 1450 364 1496 volvitur,
383 1455 452 1486 aut
471 1451 620 1487 catulos
639 1454 759 1488 tectis
778 1456 848 1487 aut
866 1464 937 1487 ova
955 1451 1193 1501 relinquenS,

179 1502 325 1539 arduus
344 1504 393 1540 ad
414 1504 548 1547 solem,
569 1509 610 1540 et
631 1504 774 1552 linguis
795 1507 915 1540 micat
933 1517 999 1540 ore
1018 1505 1200 1541 trisulcis.

236 1556 463 1593 Morborum
483 1569 639 1606 quoque
658 1563 699 1594 te
719 1570 851 1593 causas
871 1562 913 1594 et
931 1559 1042 1605 signa
1061 1558 1223 1595 docebo.
1280 1562 1357 1594 440

181 1613 306 1659 turpis
325 1613 407 1646 ovis
426 1615 600 1659 temptat
619 1611 781 1656 scabies,
801 1611 867 1646 ubi
887 1610 1052 1659 frigidus
1072 1612 1198 1647 imber

266 1721 309 1739 ⁴²¹⁵
333 1723 514 1761 galbaneos
533 1723 577 1753 M.
627 1723 722 1760 gravi
739 1722 878 1761 Nonius,
897 1723 1038 1755 Servius.

270 1763 311 1781 *²²
335 1774 479 1802 namque
494 1763 539 1795 P.
565 1774 709 1802 cumque
725 1763 790 1797 M2.
985 1765 1027 1784 ⁴²³
1050 1767 1186 1805 agmine
1201 1767 1240 1796 R.

271 1806 314 1824 ⁴²⁶
337 1817 474 1846 corpore
490 1806 528 1839 P.
985 1807 1028 1827 ⁴²⁷
1052 1819 1168 1840 aevom
1187 1808 1226 1841 Ι).

275 1848 318 1867 ⁴¹29
340 1849 393 1888 ac]
408 1853 441 1880 et
456 1850 495 1881 R.
989 1850 1032 1869 ⁴³²
1055 1852 1216 1882 exhausta
1233 1864 1266 1892 γ.

264 1891 307 1910 ⁴³³
331 1893 429 1922 exilit
445 1891 493 1923 P:
517 1893 633 1924 exsilit
650 1893 679 1923 R
693 1906 702 1925 .·
726 1893 853 1924 extulit
870 1894 917 1927 M.

263 1934 308 1952 ⁴³4
330 1935 498 1965 exercitus
518 1934 580 1964 M2.

263 1976 306 1995 ⁴¹³⁵
330 1987 372 2008 ne
388 1975 453 2015 PR,
473 1978 671 2015 Quintilian,
692 1979 753 2009 IX.
772 1986 835 2010 ΙΙΙ.
852 1980 913 2010 21:
940 1989 1000 2011 nec
1016 1980 1086 2019 My.

182 2034 255 2066 184
