1430 2335
645 91 837 127 VIRGIL

150 179 269 211 nunc,
288 170 415 215 pater,
434 171 476 202 et
496 169 627 202 tenuis
647 166 844 203 Teucrum
864 180 925 204 res
947 170 1055 218 eripe
1075 168 1181 214 leto;
1251 167 1327 212 690

151 228 212 265 vel
232 233 289 272 tu,
310 227 412 277 quod
437 233 631 276 superest,
651 227 798 265 infesto
818 228 985 266 fulmine
1004 234 1137 276 morti,

152 293 182 327 si
203 302 370 335 mereor,
390 289 559 326 demitte
579 296 727 339 tuaque
746 290 810 326 hie
830 291 952 328 obrue
972 292 1150 329 dextra.'’

152 355 213 387 vix
234 351 334 388 haec
353 351 550 397 ediderat,
570 365 658 388 cuin
679 351 810 388 effusis
830 353 1020 390 imbribus
1040 359 1125 390 atra

152 417 370 462 tempestas
390 415 474 449 sine
494 426 601 450 more
623 413 718 450 furit
737 416 968 464 tonitruque
990 421 1236 454 tremescunt

153 474 276 511 ardua
293 479 486 510 terrarum
507 480 550 511 et
570 477 697 523 campi
715 487 724 519 ;
752 478 831 511 ruit
851 476 1014 513 aethere
1035 482 1120 514 toto
1255 477 1330 521 695

155 533 336 571 turbidus
356 534 482 570 imber
500 547 602 583 aqua
622 534 835 583 densisque
855 538 1090 584 nigerrimus
1110 536 1280 584 Austris,

155 594 452 644 implenturque
471 608 590 645 super
609 608 776 645 puppes,
795 602 969 633 semusta
989 597 1224 635 madescunt

155 657 305 701 robora,
324 659 539 693 restinctus
557 656 686 693 donec
706 670 826 706 vapor
844 661 970 695 omnis
992 664 1033 695 et
1053 672 1203 704 omnes,

157 723 347 768 quattuor
364 720 526 764 amissis,
548 724 727 755 servatae
747 731 769 754 a
788 724 902 768 peste
922 723 1090 758 carinae.

208 781 262 816 At
282 785 397 829 pater
416 779 588 825 Aeneas,
609 793 700 817 casu
720 793 931 817 concussus
950 783 1106 829 acerbo,
1259 786 1334 824 700

154 855 261 879 nunc
283 842 359 879 huc
380 844 569 891 ingentis,
590 856 696 879 nunc
716 842 809 879 illuc
829 849 992 892 pectore
1013 857 1124 882 curas

156 917 220 940 mu
229 904 337 940 tabat
357 917 528 949 versans.
550 903 743 941 Siculisne
765 905 959 942 resideret
978 909 1093 952 arvis,

156 965 304 1002 oblitus
324 965 509 1011 fatorum,
531 965 703 1002 Italasne
724 972 951 1015 capesseret
970 981 1066 1005 oras.

158 1033 242 1064 tum
262 1030 393 1064 senior
413 1026 577 1073 Nautes,
598 1041 721 1063 unum
742 1028 921 1064 Tritonia
943 1029 1069 1066 Pallas

156 1101 274 1138 quem
294 1088 430 1124 docuit
449 1088 652 1137 multaque
673 1091 871 1137 insignem
891 1090 1069 1128 reddidit
1088 1097 1187 1138 arte,
1260 1095 1333 1132 705

155 1150 272 1201 (haec
291 1163 479 1199 responsa
499 1150 632 1196 dabat,
654 1151 713 1187 vel
735 1163 835 1200 quae
856 1152 1116 1200 portenderet
1135 1156 1190 1190 ira

156 1225 300 1261 magna
320 1212 439 1248 deum
460 1211 521 1248 vel
543 1225 643 1261 quae
665 1211 835 1249 fatorum
854 1219 1037 1262 posceret
1056 1214 1182 1266 ordo),

156 1276 267 1323 isque
288 1273 348 1309 his
368 1273 535 1309 Aenean
555 1273 701 1310 solatus
721 1275 881 1311 vocibus
900 1275 986 1312 infit
1004 1289 1011 1312 :

157 1341 287 1372 “nate
308 1336 395 1381 dea,
411 1348 488 1385 quo
508 1335 590 1371 fata
610 1335 775 1373 trahunt
795 1337 1084 1388 retrahuntque
1104 1352 1334 1389 sequamur3

157 1396 349 1447 quidquid
371 1400 460 1442 erit,
480 1396 700 1446 superanda
719 1401 846 1435 omnis
866 1398 1024 1436 fortuna
1045 1400 1209 1438 ferendo
1230 1408 1301 1439 est.

157 1465 218 1495 est
239 1460 312 1495 tibi
335 1459 558 1495 Dardanius
578 1458 735 1495 divinae
756 1463 890 1509 stirpis
910 1462 1098 1507 Acestes3
1260 1466 1330 1503 711

159 1521 264 1557 hunc
284 1534 380 1570 cape
401 1521 574 1557 consiliis
595 1524 742 1557 socium
763 1527 805 1558 et
823 1525 1022 1573 coniunge
1042 1524 1255 1570 volentem,

159 1582 249 1619 huic
269 1582 396 1627 trade,
416 1585 566 1619 amissis
586 1588 777 1632 superant
796 1587 863 1634 qui
883 1585 1046 1622 navibus
1066 1591 1107 1623 et
1127 1599 1223 1637 quos

158 1650 383 1694 pertaesum
404 1647 538 1694 magni
558 1647 709 1694 incepti
729 1658 939 1696 rerumque
959 1651 1114 1684 tuarum
1135 1655 1217 1694 est3

158 1706 452 1756 longaevosque
473 1719 588 1743 senes
607 1720 652 1743 ac
674 1707 793 1743 fessas
813 1721 984 1757 aequore
1003 1715 1150 1747 matres
1262 1715 1336 1751 715

159 1773 202 1804 et
221 1767 413 1817 quidquid
434 1773 566 1804 tecum
587 1768 806 1804 invalidum
825 1774 1089 1820 metuensque
1108 1773 1244 1820 pericli
1264 1780 1326 1811 est

159 1829 306 1878 delige,
327 1834 369 1865 et
389 1829 449 1865 his
469 1829 643 1866 habeant
664 1832 779 1866 terris
801 1833 885 1867 sine
906 1835 1064 1868 moenia
1083 1832 1175 1869 fessi
1193 1847 1201 1878 ;

160 1892 297 1927 urbem
317 1891 579 1940 appellabunt
598 1894 789 1940 permisso
809 1895 971 1930 nomine
992 1893 1217 1934 Acestam.'’

309 1970 356 1989 ⁶⁹⁵
381 1972 509 2010 campis
527 1969 676 2012 ‚lI¹P²7¹.
991 1972 1037 1993 ⁷⁰⁶
1060 1976 1121 2006 hac
1137 1974 1177 2008 οι.

161 2029 236 2065 492
