<?xml version="1.0" encoding="UTF-8"?>
<!DOCTYPE html PUBLIC "-//W3C//DTD XHTML 1.0 Transitional//EN"
    "http://www.w3.org/TR/xhtml1/DTD/xhtml1-transitional.dtd">
<html xmlns="http://www.w3.org/1999/xhtml" xml:lang="en" lang="en">
 <head>
  <title>
</title>
<meta http-equiv="Content-Type" content="text/html;charset=utf-8" />
  <meta name='ocr-system' content='tesseract 3.04.00' />
  <meta name='ocr-capabilities' content='ocr_page ocr_carea ocr_par ocr_line ocrx_word'/>
</head>
<body>
  <div class='ocr_page' id='page_1' title='image "./virgilwithenglis01virg_0188.png"; bbox 0 0 1430 2335; ppageno 0'>
   <div class='ocr_carea' id='block_1_1' title="bbox 703 90 894 128">
    <p class='ocr_par' dir='ltr' id='par_1_1' title="bbox 703 90 894 128">
     <span class='ocr_line' id='line_1_1' title="bbox 703 90 894 128; baseline 0.005 -2"><span class='ocrx_word' id='word_1_1' title='bbox 703 90 894 128; x_wconf 85' lang='lat' dir='ltr'>VIRGIL</span> 
     </span>
    </p>
   </div>
   <div class='ocr_carea' id='block_1_2' title="bbox 209 168 1384 1659">
    <p class='ocr_par' dir='ltr' id='par_1_2' title="bbox 209 168 1383 1232">
     <span class='ocr_line' id='line_1_2' title="bbox 213 168 1260 218; baseline 0.003 -15"><span class='ocrx_word' id='word_1_2' title='bbox 213 180 346 204; x_wconf 87' lang='lat' dir='ltr'><strong>nonne</strong></span> <span class='ocrx_word' id='word_1_3' title='bbox 367 168 489 212; x_wconf 77' lang='lat' dir='ltr'><strong>vides,</strong></span> <span class='ocrx_word' id='word_1_4' title='bbox 509 180 596 203; x_wconf 87' lang='lat' dir='ltr'><strong>cum</strong></span> <span class='ocrx_word' id='word_1_5' title='bbox 618 171 823 217; x_wconf 80' lang='lat' dir='ltr'>praecipiti</span> <span class='ocrx_word' id='word_1_6' title='bbox 844 171 1059 206; x_wconf 82' lang='lat' dir='ltr'>certamine</span> <span class='ocrx_word' id='word_1_7' title='bbox 1080 182 1260 218; x_wconf 86' lang='lat' dir='ltr'><strong>campum</strong></span> 
     </span>
     <span class='ocr_line' id='line_1_3' title="bbox 213 221 1139 270; baseline 0.003 -14"><span class='ocrx_word' id='word_1_8' title='bbox 213 223 448 270; x_wconf 81' lang='lat' dir='ltr'><strong>corripuere,</strong></span> <span class='ocrx_word' id='word_1_9' title='bbox 468 226 668 270; x_wconf 87' lang='lat' dir='ltr'><strong>ruuntque</strong></span> <span class='ocrx_word' id='word_1_10' title='bbox 689 221 799 258; x_wconf 87' lang='lat' dir='ltr'><strong>effusi</strong></span> <span class='ocrx_word' id='word_1_11' title='bbox 818 235 972 259; x_wconf 86' lang='lat' dir='ltr'><strong>carcere</strong></span> <span class='ocrx_word' id='word_1_12' title='bbox 992 235 1139 268; x_wconf 77' lang='lat' dir='ltr'><strong>currus,</strong></span> 
     </span>
     <span class='ocr_line' id='line_1_4' title="bbox 213 275 1380 326; baseline 0.003 -17"><span class='ocrx_word' id='word_1_13' title='bbox 213 287 300 310; x_wconf 90' lang='lat' dir='ltr'><strong>cum</strong></span> <span class='ocrx_word' id='word_1_14' title='bbox 317 287 405 322; x_wconf 88' lang='lat' dir='ltr'><strong>spes</strong></span> <span class='ocrx_word' id='word_1_15' title='bbox 417 279 592 310; x_wconf 78' lang='lat' dir='ltr'><strong>arrectae</strong></span> <span class='ocrx_word' id='word_1_16' title='bbox 607 277 807 319; x_wconf 81' lang='lat' dir='ltr'><strong>iuvenum,</strong></span> <span class='ocrx_word' id='word_1_17' title='bbox 823 276 1140 326; x_wconf 81' lang='lat' dir='ltr'><strong>exsultantiaque</strong></span> <span class='ocrx_word' id='word_1_18' title='bbox 1154 275 1284 312; x_wconf 84' lang='lat' dir='ltr'><strong>haurit</strong></span> <span class='ocrx_word' id='word_1_19' title='bbox 1310 277 1380 314; x_wconf 82' lang='lat'><strong>105</strong></span> 
     </span>
     <span class='ocr_line' id='line_1_5' title="bbox 213 327 1240 376; baseline 0.003 -13"><span class='ocrx_word' id='word_1_20' title='bbox 213 327 329 363; x_wconf 82' lang='lat' dir='ltr'><strong>corda</strong></span> <span class='ocrx_word' id='word_1_21' title='bbox 348 340 467 376; x_wconf 82' lang='lat' dir='ltr'><strong>pavor</strong></span> <span class='ocrx_word' id='word_1_22' title='bbox 486 327 645 376; x_wconf 86' lang='lat' dir='ltr'><strong>pulsans</strong></span> <span class='ocrx_word' id='word_1_23' title='bbox 661 328 675 363; x_wconf 88' lang='lat'>?</span> <span class='ocrx_word' id='word_1_24' title='bbox 704 327 761 364; x_wconf 88' lang='lat' dir='ltr'><strong>illi</strong></span> <span class='ocrx_word' id='word_1_25' title='bbox 780 330 932 366; x_wconf 84' lang='lat' dir='ltr'><strong>instant</strong></span> <span class='ocrx_word' id='word_1_26' title='bbox 951 329 1114 366; x_wconf 88' lang='lat' dir='ltr'><strong>verbere</strong></span> <span class='ocrx_word' id='word_1_27' title='bbox 1134 333 1240 366; x_wconf 86' lang='lat' dir='ltr'><strong>torto</strong></span> 
     </span>
     <span class='ocr_line' id='line_1_6' title="bbox 212 380 1119 429; baseline 0.003 -13"><span class='ocrx_word' id='word_1_28' title='bbox 212 385 254 417; x_wconf 87' lang='lat' dir='ltr'><strong>et</strong></span> <span class='ocrx_word' id='word_1_29' title='bbox 273 383 385 429; x_wconf 87' lang='lat' dir='ltr'><strong>proni</strong></span> <span class='ocrx_word' id='word_1_30' title='bbox 406 380 503 416; x_wconf 90' lang='lat' dir='ltr'><strong>dant</strong></span> <span class='ocrx_word' id='word_1_31' title='bbox 523 380 615 426; x_wconf 86' lang='lat' dir='ltr'><strong>lora,</strong></span> <span class='ocrx_word' id='word_1_32' title='bbox 636 380 742 417; x_wconf 82' lang='lat' dir='ltr'><strong>volat</strong></span> <span class='ocrx_word' id='word_1_33' title='bbox 760 384 797 417; x_wconf 94' lang='lat' dir='ltr'><strong>vi</strong></span> <span class='ocrx_word' id='word_1_34' title='bbox 818 381 991 419; x_wconf 85' lang='lat' dir='ltr'><strong>fervidus</strong></span> <span class='ocrx_word' id='word_1_35' title='bbox 1010 386 1091 419; x_wconf 83' lang='lat' dir='ltr'><strong>axis</strong></span> <span class='ocrx_word' id='word_1_36' title='bbox 1110 395 1119 426; x_wconf 82' lang='lat'>3</span> 
     </span>
     <span class='ocr_line' id='line_1_7' title="bbox 211 433 1251 483; baseline 0.003 -14"><span class='ocrx_word' id='word_1_37' title='bbox 211 436 367 483; x_wconf 90' lang='lat' dir='ltr'><strong>iamque</strong></span> <span class='ocrx_word' id='word_1_38' title='bbox 387 433 569 479; x_wconf 84' lang='lat' dir='ltr'>humiles,</span> <span class='ocrx_word' id='word_1_39' title='bbox 588 437 744 483; x_wconf 89' lang='lat' dir='ltr'><strong>iamque</strong></span> <span class='ocrx_word' id='word_1_40' title='bbox 765 434 858 471; x_wconf 86' lang='lat' dir='ltr'><strong>elati</strong></span> <span class='ocrx_word' id='word_1_41' title='bbox 879 435 1045 473; x_wconf 89' lang='lat' dir='ltr'><strong>sublime</strong></span> <span class='ocrx_word' id='word_1_42' title='bbox 1065 436 1251 472; x_wconf 90' lang='lat' dir='ltr'><strong>videntur</strong></span> 
     </span>
     <span class='ocr_line' id='line_1_8' title="bbox 211 487 1277 537; baseline 0.003 -15"><span class='ocrx_word' id='word_1_43' title='bbox 211 491 300 523; x_wconf 79' lang='lat' dir='ltr'><strong>aera</strong></span> <span class='ocrx_word' id='word_1_44' title='bbox 321 500 392 536; x_wconf 88' lang='lat' dir='ltr'><strong>per</strong></span> <span class='ocrx_word' id='word_1_45' title='bbox 411 500 575 523; x_wconf 89' lang='lat' dir='ltr'><strong>vacuum</strong></span> <span class='ocrx_word' id='word_1_46' title='bbox 596 487 687 524; x_wconf 86' lang='lat' dir='ltr'><strong>ferri</strong></span> <span class='ocrx_word' id='word_1_47' title='bbox 707 493 827 537; x_wconf 89' lang='lat' dir='ltr'><strong>atque</strong></span> <span class='ocrx_word' id='word_1_48' title='bbox 846 488 1060 537; x_wconf 87' lang='lat' dir='ltr'><strong>adsurgere</strong></span> <span class='ocrx_word' id='word_1_49' title='bbox 1080 492 1121 525; x_wconf 90' lang='lat' dir='ltr'><strong>in</strong></span> <span class='ocrx_word' id='word_1_50' title='bbox 1140 502 1251 525; x_wconf 84' lang='lat' dir='ltr'><strong>auras</strong></span> <span class='ocrx_word' id='word_1_51' title='bbox 1268 501 1277 532; x_wconf 92' lang='lat'>;</span> 
     </span>
     <span class='ocr_line' id='line_1_9' title="bbox 211 541 1383 590; baseline 0.004 -14"><span class='ocrx_word' id='word_1_52' title='bbox 211 553 285 577; x_wconf 89' lang='lat' dir='ltr'><strong>nec</strong></span> <span class='ocrx_word' id='word_1_53' title='bbox 304 553 411 576; x_wconf 89' lang='lat' dir='ltr'><strong>mora</strong></span> <span class='ocrx_word' id='word_1_54' title='bbox 431 553 505 577; x_wconf 87' lang='lat' dir='ltr'><strong>nec</strong></span> <span class='ocrx_word' id='word_1_55' title='bbox 524 543 703 590; x_wconf 83' lang='lat' dir='ltr'><strong>requies3</strong></span> <span class='ocrx_word' id='word_1_56' title='bbox 732 546 773 578; x_wconf 88' lang='lat' dir='ltr'><strong>at</strong></span> <span class='ocrx_word' id='word_1_57' title='bbox 792 541 921 579; x_wconf 87' lang='lat' dir='ltr'><strong>fulvae</strong></span> <span class='ocrx_word' id='word_1_58' title='bbox 941 543 1096 579; x_wconf 89' lang='lat' dir='ltr'><strong>nimbus</strong></span> <span class='ocrx_word' id='word_1_59' title='bbox 1115 542 1286 579; x_wconf 82' lang='lat' dir='ltr'><strong>harenae</strong></span> <span class='ocrx_word' id='word_1_60' title='bbox 1310 543 1383 581; x_wconf 92' lang='grc'><strong>110</strong></span> 
     </span>
     <span class='ocr_line' id='line_1_10' title="bbox 211 593 1246 645; baseline 0.004 -16"><span class='ocrx_word' id='word_1_61' title='bbox 211 593 377 639; x_wconf 88' lang='lat' dir='ltr'><strong>tollitur,</strong></span> <span class='ocrx_word' id='word_1_62' title='bbox 396 599 606 630; x_wconf 90' lang='lat' dir='ltr'><strong>umescunt</strong></span> <span class='ocrx_word' id='word_1_63' title='bbox 625 597 772 643; x_wconf 90' lang='lat' dir='ltr'><strong>spumis</strong></span> <span class='ocrx_word' id='word_1_64' title='bbox 792 594 963 645; x_wconf 82' lang='lat' dir='ltr'><strong>flatuque</strong></span> <span class='ocrx_word' id='word_1_65' title='bbox 983 601 1219 645; x_wconf 90' lang='lat' dir='ltr'><strong>sequentum</strong></span> <span class='ocrx_word' id='word_1_66' title='bbox 1238 609 1246 632; x_wconf 75' lang='lat' dir='ltr'><strong>t</strong></span> 
     </span>
     <span class='ocr_line' id='line_1_11' title="bbox 210 647 1229 693; baseline 0.002 -10"><span class='ocrx_word' id='word_1_67' title='bbox 210 651 345 683; x_wconf 86' lang='lat' dir='ltr'><strong>tantus</strong></span> <span class='ocrx_word' id='word_1_68' title='bbox 365 660 473 683; x_wconf 84' lang='lat' dir='ltr'><strong>amor</strong></span> <span class='ocrx_word' id='word_1_69' title='bbox 493 647 665 693; x_wconf 83' lang='lat' dir='ltr'><strong>laudum,</strong></span> <span class='ocrx_word' id='word_1_70' title='bbox 686 653 821 684; x_wconf 81' lang='lat' dir='ltr'><strong>tantae</strong></span> <span class='ocrx_word' id='word_1_71' title='bbox 843 654 903 685; x_wconf 87' lang='lat' dir='ltr'><strong>est</strong></span> <span class='ocrx_word' id='word_1_72' title='bbox 924 651 1084 686; x_wconf 88' lang='lat' dir='ltr'><strong>victoria</strong></span> <span class='ocrx_word' id='word_1_73' title='bbox 1104 662 1229 686; x_wconf 84' lang='lat' dir='ltr'><strong>curae.</strong></span> 
     </span>
     <span class='ocr_line' id='line_1_12' title="bbox 211 700 1214 751; baseline 0.004 -16"><span class='ocrx_word' id='word_1_74' title='bbox 211 703 359 749; x_wconf 89' lang='lat' dir='ltr'><strong>primus</strong></span> <span class='ocrx_word' id='word_1_75' title='bbox 379 700 660 737; x_wconf 84' lang='lat' dir='ltr'><strong>Erichthonius</strong></span> <span class='ocrx_word' id='word_1_76' title='bbox 681 714 814 738; x_wconf 89' lang='lat' dir='ltr'><strong>currus</strong></span> <span class='ocrx_word' id='word_1_77' title='bbox 834 707 876 738; x_wconf 89' lang='lat' dir='ltr'><strong>et</strong></span> <span class='ocrx_word' id='word_1_78' title='bbox 895 708 1081 751; x_wconf 85' lang='lat' dir='ltr'><strong>quattuor</strong></span> <span class='ocrx_word' id='word_1_79' title='bbox 1099 715 1214 740; x_wconf 82' lang='lat' dir='ltr'><strong>ausus</strong></span> 
     </span>
     <span class='ocr_line' id='line_1_13' title="bbox 210 754 1245 804; baseline 0.003 -15"><span class='ocrx_word' id='word_1_80' title='bbox 210 756 374 803; x_wconf 87' lang='lat' dir='ltr'><strong>iungere</strong></span> <span class='ocrx_word' id='word_1_81' title='bbox 395 767 515 803; x_wconf 88' lang='lat' dir='ltr'><strong>equos</strong></span> <span class='ocrx_word' id='word_1_82' title='bbox 536 754 773 804; x_wconf 88' lang='lat' dir='ltr'><strong>rapidusque</strong></span> <span class='ocrx_word' id='word_1_83' title='bbox 795 758 890 792; x_wconf 86' lang='lat' dir='ltr'><strong>rotis</strong></span> <span class='ocrx_word' id='word_1_84' title='bbox 911 758 1092 793; x_wconf 87' lang='lat' dir='ltr'><strong>insistere</strong></span> <span class='ocrx_word' id='word_1_85' title='bbox 1112 759 1245 792; x_wconf 89' lang='lat' dir='ltr'><strong>victor.</strong></span> 
     </span>
     <span class='ocr_line' id='line_1_14' title="bbox 210 806 1380 859; baseline 0.004 -17"><span class='ocrx_word' id='word_1_86' title='bbox 210 806 322 843; x_wconf 86' lang='lat' dir='ltr'><strong>frena</strong></span> <span class='ocrx_word' id='word_1_87' title='bbox 343 807 585 844; x_wconf 89' lang='lat' dir='ltr'><strong>Pelethronii</strong></span> <span class='ocrx_word' id='word_1_88' title='bbox 606 807 798 857; x_wconf 83' lang='lat' dir='ltr'><strong>Lapithae</strong></span> <span class='ocrx_word' id='word_1_89' title='bbox 818 822 1014 859; x_wconf 86' lang='lat' dir='ltr'><strong>gyrosque</strong></span> <span class='ocrx_word' id='word_1_90' title='bbox 1034 809 1181 846; x_wconf 87' lang='lat' dir='ltr'><strong>dedere</strong></span> <span class='ocrx_word' id='word_1_91' title='bbox 1309 810 1380 847; x_wconf 87' lang='lat'><strong>115</strong></span> 
     </span>
     <span class='ocr_line' id='line_1_15' title="bbox 210 860 1285 911; baseline 0.003 -15"><span class='ocrx_word' id='word_1_92' title='bbox 210 863 382 909; x_wconf 80' lang='lat' dir='ltr'><strong>impositi</strong></span> <span class='ocrx_word' id='word_1_93' title='bbox 402 860 530 906; x_wconf 89' lang='lat' dir='ltr'><strong>dorso,</strong></span> <span class='ocrx_word' id='word_1_94' title='bbox 549 866 668 911; x_wconf 86' lang='lat' dir='ltr'><strong>atque</strong></span> <span class='ocrx_word' id='word_1_95' title='bbox 690 865 865 911; x_wconf 87' lang='lat' dir='ltr'><strong>equitem</strong></span> <span class='ocrx_word' id='word_1_96' title='bbox 886 862 1055 899; x_wconf 86' lang='lat' dir='ltr'><strong>docuere</strong></span> <span class='ocrx_word' id='word_1_97' title='bbox 1078 863 1150 899; x_wconf 91' lang='lat' dir='ltr'><strong>sub</strong></span> <span class='ocrx_word' id='word_1_98' title='bbox 1170 865 1285 900; x_wconf 90' lang='lat' dir='ltr'><strong>armis</strong></span> 
     </span>
     <span class='ocr_line' id='line_1_16' title="bbox 210 913 1194 965; baseline 0.004 -16"><span class='ocrx_word' id='word_1_99' title='bbox 210 913 399 950; x_wconf 85' lang='lat' dir='ltr'><strong>insultare</strong></span> <span class='ocrx_word' id='word_1_100' title='bbox 420 914 501 950; x_wconf 88' lang='lat' dir='ltr'><strong>solo</strong></span> <span class='ocrx_word' id='word_1_101' title='bbox 522 919 564 951; x_wconf 89' lang='lat' dir='ltr'><strong>et</strong></span> <span class='ocrx_word' id='word_1_102' title='bbox 584 927 737 963; x_wconf 85' lang='lat' dir='ltr'><strong>gressus</strong></span> <span class='ocrx_word' id='word_1_103' title='bbox 757 915 976 964; x_wconf 86' lang='lat' dir='ltr'><strong>glomerare</strong></span> <span class='ocrx_word' id='word_1_104' title='bbox 997 917 1194 965; x_wconf 89' lang='lat' dir='ltr'><strong>superbos.</strong></span> 
     </span>
     <span class='ocr_line' id='line_1_17' title="bbox 209 967 1309 1019; baseline 0.003 -16"><span class='ocrx_word' id='word_1_105' title='bbox 209 980 357 1016; x_wconf 82' lang='lat' dir='ltr'><strong>aequus</strong></span> <span class='ocrx_word' id='word_1_106' title='bbox 377 972 544 1017; x_wconf 88' lang='lat' dir='ltr'><strong>uterque</strong></span> <span class='ocrx_word' id='word_1_107' title='bbox 564 967 686 1013; x_wconf 84' lang='lat' dir='ltr'><strong>labor,</strong></span> <span class='ocrx_word' id='word_1_108' title='bbox 705 981 830 1018; x_wconf 84' lang='lat' dir='ltr'><strong>aeque</strong></span> <span class='ocrx_word' id='word_1_109' title='bbox 851 972 1113 1019; x_wconf 89' lang='lat' dir='ltr'><strong>iuvenemque</strong></span> <span class='ocrx_word' id='word_1_110' title='bbox 1133 972 1309 1019; x_wconf 81' lang='lat' dir='ltr'><strong>magistri</strong></span> 
     </span>
     <span class='ocr_line' id='line_1_18' title="bbox 210 1021 1276 1071; baseline 0.004 -15"><span class='ocrx_word' id='word_1_111' title='bbox 210 1023 422 1070; x_wconf 82' lang='lat' dir='ltr'><strong>exquirunt</strong></span> <span class='ocrx_word' id='word_1_112' title='bbox 442 1021 691 1071; x_wconf 85' lang='lat' dir='ltr'><strong>calidumque</strong></span> <span class='ocrx_word' id='word_1_113' title='bbox 711 1025 850 1059; x_wconf 88' lang='lat' dir='ltr'><strong>animis</strong></span> <span class='ocrx_word' id='word_1_114' title='bbox 870 1027 911 1059; x_wconf 84' lang='lat' dir='ltr'><strong>et</strong></span> <span class='ocrx_word' id='word_1_115' title='bbox 931 1024 1106 1060; x_wconf 88' lang='lat' dir='ltr'><strong>cursibus</strong></span> <span class='ocrx_word' id='word_1_116' title='bbox 1124 1036 1276 1067; x_wconf 86' lang='lat' dir='ltr'><strong>acrem3</strong></span> 
     </span>
     <span class='ocr_line' id='line_1_19' title="bbox 210 1074 1379 1125; baseline 0.004 -16"><span class='ocrx_word' id='word_1_117' title='bbox 210 1077 385 1123; x_wconf 78' lang='lat' dir='ltr'><strong>quamvis</strong></span> <span class='ocrx_word' id='word_1_118' title='bbox 405 1087 521 1123; x_wconf 89' lang='lat' dir='ltr'><strong>saepe</strong></span> <span class='ocrx_word' id='word_1_119' title='bbox 542 1074 635 1123; x_wconf 86' lang='lat' dir='ltr'><strong>fuga</strong></span> <span class='ocrx_word' id='word_1_120' title='bbox 656 1087 786 1111; x_wconf 88' lang='lat' dir='ltr'><strong>versos</strong></span> <span class='ocrx_word' id='word_1_121' title='bbox 806 1075 872 1112; x_wconf 91' lang='lat' dir='ltr'><strong>ille</strong></span> <span class='ocrx_word' id='word_1_122' title='bbox 894 1079 1022 1125; x_wconf 86' lang='lat' dir='ltr'><strong>egerit</strong></span> <span class='ocrx_word' id='word_1_123' title='bbox 1042 1076 1164 1113; x_wconf 88' lang='lat' dir='ltr'><strong>hostis</strong></span> <span class='ocrx_word' id='word_1_124' title='bbox 1305 1077 1379 1114; x_wconf 86' lang='lat'><strong>120</strong></span> 
     </span>
     <span class='ocr_line' id='line_1_20' title="bbox 210 1128 1223 1179; baseline 0.004 -17"><span class='ocrx_word' id='word_1_125' title='bbox 210 1132 252 1163; x_wconf 85' lang='lat' dir='ltr'><strong>et</strong></span> <span class='ocrx_word' id='word_1_126' title='bbox 273 1130 439 1176; x_wconf 80' lang='lat' dir='ltr'><strong>patriam</strong></span> <span class='ocrx_word' id='word_1_127' title='bbox 461 1128 622 1176; x_wconf 87' lang='lat' dir='ltr'><strong>Epirum</strong></span> <span class='ocrx_word' id='word_1_128' title='bbox 643 1128 791 1165; x_wconf 87' lang='lat' dir='ltr'><strong>referat</strong></span> <span class='ocrx_word' id='word_1_129' title='bbox 810 1128 1001 1178; x_wconf 89' lang='lat' dir='ltr'><strong>fortisque</strong></span> <span class='ocrx_word' id='word_1_130' title='bbox 1024 1130 1223 1179; x_wconf 82' lang='lat' dir='ltr'><strong>Mycenas,</strong></span> 
     </span>
     <span class='ocr_line' id='line_1_21' title="bbox 211 1180 1130 1232; baseline 0.004 -16"><span class='ocrx_word' id='word_1_131' title='bbox 211 1180 469 1229; x_wconf 88' lang='lat' dir='ltr'><strong>Neptunique</strong></span> <span class='ocrx_word' id='word_1_132' title='bbox 490 1184 572 1229; x_wconf 83' lang='lat' dir='ltr'><strong>ipsa</strong></span> <span class='ocrx_word' id='word_1_133' title='bbox 592 1181 763 1218; x_wconf 84' lang='lat' dir='ltr'><strong>deducat</strong></span> <span class='ocrx_word' id='word_1_134' title='bbox 783 1185 934 1231; x_wconf 83' lang='lat' dir='ltr'><strong>origine</strong></span> <span class='ocrx_word' id='word_1_135' title='bbox 955 1188 1130 1232; x_wconf 85' lang='lat' dir='ltr'><strong>gentem.</strong></span> 
     </span>
    </p>

    <p class='ocr_par' dir='ltr' id='par_1_3' title="bbox 209 1234 1384 1659">
     <span class='ocr_line' id='line_1_22' title="bbox 264 1234 1284 1285; baseline 0.004 -16"><span class='ocrx_word' id='word_1_136' title='bbox 264 1234 339 1270; x_wconf 89' lang='lat' dir='ltr'><strong>His</strong></span> <span class='ocrx_word' id='word_1_137' title='bbox 359 1234 638 1271; x_wconf 81' lang='lat' dir='ltr'><strong>animadversis</strong></span> <span class='ocrx_word' id='word_1_138' title='bbox 658 1238 809 1271; x_wconf 83' lang='lat' dir='ltr'><strong>instant</strong></span> <span class='ocrx_word' id='word_1_139' title='bbox 829 1237 900 1272; x_wconf 91' lang='lat' dir='ltr'><strong>sub</strong></span> <span class='ocrx_word' id='word_1_140' title='bbox 920 1241 1077 1285; x_wconf 91' lang='lat' dir='ltr'><strong>tempus</strong></span> <span class='ocrx_word' id='word_1_141' title='bbox 1098 1242 1139 1273; x_wconf 89' lang='lat' dir='ltr'><strong>et</strong></span> <span class='ocrx_word' id='word_1_142' title='bbox 1159 1239 1284 1274; x_wconf 90' lang='lat' dir='ltr'><strong>omnis</strong></span> 
     </span>
     <span class='ocr_line' id='line_1_23' title="bbox 210 1287 1128 1338; baseline 0.004 -16"><span class='ocrx_word' id='word_1_143' title='bbox 210 1287 448 1335; x_wconf 85' lang='lat' dir='ltr'><strong>impendunt</strong></span> <span class='ocrx_word' id='word_1_144' title='bbox 468 1301 578 1324; x_wconf 83' lang='lat' dir='ltr'><strong>curas</strong></span> <span class='ocrx_word' id='word_1_145' title='bbox 598 1288 721 1324; x_wconf 88' lang='lat' dir='ltr'><strong>denso</strong></span> <span class='ocrx_word' id='word_1_146' title='bbox 741 1288 970 1326; x_wconf 89' lang='lat' dir='ltr'><strong>distendere</strong></span> <span class='ocrx_word' id='word_1_147' title='bbox 990 1292 1128 1338; x_wconf 86' lang='lat' dir='ltr'><strong>pingui</strong></span> 
     </span>
     <span class='ocr_line' id='line_1_24' title="bbox 210 1340 1382 1390; baseline 0.004 -14"><span class='ocrx_word' id='word_1_148' title='bbox 210 1353 327 1389; x_wconf 89' lang='lat' dir='ltr'><strong>quem</strong></span> <span class='ocrx_word' id='word_1_149' title='bbox 348 1340 480 1389; x_wconf 83' lang='lat' dir='ltr'><strong>legere</strong></span> <span class='ocrx_word' id='word_1_150' title='bbox 501 1341 642 1377; x_wconf 90' lang='lat' dir='ltr'><strong>ducem</strong></span> <span class='ocrx_word' id='word_1_151' title='bbox 665 1346 705 1378; x_wconf 85' lang='lat' dir='ltr'><strong>et</strong></span> <span class='ocrx_word' id='word_1_152' title='bbox 725 1345 857 1390; x_wconf 87' lang='lat' dir='ltr'><strong>pecori</strong></span> <span class='ocrx_word' id='word_1_153' title='bbox 877 1342 1012 1379; x_wconf 80' lang='lat' dir='ltr'><strong>dixere</strong></span> <span class='ocrx_word' id='word_1_154' title='bbox 1032 1346 1215 1380; x_wconf 86' lang='lat' dir='ltr'><strong>maritum</strong></span> <span class='ocrx_word' id='word_1_155' title='bbox 1234 1357 1243 1389; x_wconf 80' lang='lat'>3</span> <span class='ocrx_word' id='word_1_156' title='bbox 1310 1344 1382 1382; x_wconf 82' lang='lat'><strong>125</strong></span> 
     </span>
     <span class='ocr_line' id='line_1_25' title="bbox 209 1394 1260 1446; baseline 0.003 -17"><span class='ocrx_word' id='word_1_157' title='bbox 209 1394 463 1443; x_wconf 81' lang='lat' dir='ltr'><strong>florentisque</strong></span> <span class='ocrx_word' id='word_1_158' title='bbox 484 1399 620 1431; x_wconf 89' lang='lat' dir='ltr'><strong>secant</strong></span> <span class='ocrx_word' id='word_1_159' title='bbox 640 1395 781 1432; x_wconf 88' lang='lat' dir='ltr'><strong>herbas</strong></span> <span class='ocrx_word' id='word_1_160' title='bbox 800 1395 1014 1446; x_wconf 90' lang='lat' dir='ltr'><strong>fluviosque</strong></span> <span class='ocrx_word' id='word_1_161' title='bbox 1033 1399 1260 1433; x_wconf 86' lang='lat' dir='ltr'><strong>ministrant</strong></span> 
     </span>
     <span class='ocr_line' id='line_1_26' title="bbox 210 1447 1199 1498; baseline 0.004 -16"><span class='ocrx_word' id='word_1_162' title='bbox 210 1447 402 1496; x_wconf 81' lang='lat' dir='ltr'><strong>farraque,</strong></span> <span class='ocrx_word' id='word_1_163' title='bbox 422 1460 473 1484; x_wconf 91' lang='lat' dir='ltr'><strong>ne</strong></span> <span class='ocrx_word' id='word_1_164' title='bbox 493 1447 639 1484; x_wconf 86' lang='lat' dir='ltr'><strong>blando</strong></span> <span class='ocrx_word' id='word_1_165' title='bbox 658 1454 833 1497; x_wconf 87' lang='lat' dir='ltr'><strong>nequeat</strong></span> <span class='ocrx_word' id='word_1_166' title='bbox 852 1462 1057 1498; x_wconf 88' lang='lat' dir='ltr'><strong>superesse</strong></span> <span class='ocrx_word' id='word_1_167' title='bbox 1077 1450 1199 1486; x_wconf 87' lang='lat' dir='ltr'><strong>labori</strong></span> 
     </span>
     <span class='ocr_line' id='line_1_27' title="bbox 209 1500 1105 1550; baseline 0.006 -15"><span class='ocrx_word' id='word_1_168' title='bbox 209 1500 449 1550; x_wconf 80' lang='lat' dir='ltr'><strong>invalidique</strong></span> <span class='ocrx_word' id='word_1_169' title='bbox 469 1506 629 1550; x_wconf 82' lang='lat' dir='ltr'><strong>patrum</strong></span> <span class='ocrx_word' id='word_1_170' title='bbox 649 1501 825 1538; x_wconf 88' lang='lat' dir='ltr'><strong>referant</strong></span> <span class='ocrx_word' id='word_1_171' title='bbox 845 1505 990 1539; x_wconf 89' lang='lat' dir='ltr'><strong>ieiunia</strong></span> <span class='ocrx_word' id='word_1_172' title='bbox 1010 1506 1105 1540; x_wconf 89' lang='lat' dir='ltr'><strong>nati.</strong></span> 
     </span>
     <span class='ocr_line' id='line_1_28' title="bbox 209 1556 1194 1602; baseline 0.004 -13"><span class='ocrx_word' id='word_1_173' title='bbox 209 1556 291 1602; x_wconf 81' lang='lat' dir='ltr'><strong>ipsa</strong></span> <span class='ocrx_word' id='word_1_174' title='bbox 311 1559 445 1591; x_wconf 87' lang='lat' dir='ltr'><strong>autem</strong></span> <span class='ocrx_word' id='word_1_175' title='bbox 466 1557 591 1591; x_wconf 88' lang='lat' dir='ltr'><strong>macie</strong></span> <span class='ocrx_word' id='word_1_176' title='bbox 612 1560 783 1592; x_wconf 90' lang='lat' dir='ltr'><strong>tenuant</strong></span> <span class='ocrx_word' id='word_1_177' title='bbox 801 1561 981 1593; x_wconf 89' lang='lat' dir='ltr'><strong>armenta</strong></span> <span class='ocrx_word' id='word_1_178' title='bbox 1000 1556 1194 1602; x_wconf 87' lang='lat' dir='ltr'><strong>volentes,</strong></span> 
     </span>
     <span class='ocr_line' id='line_1_29' title="bbox 209 1608 1384 1659; baseline 0.004 -16"><span class='ocrx_word' id='word_1_179' title='bbox 209 1612 328 1656; x_wconf 84' lang='lat' dir='ltr'><strong>atque</strong></span> <span class='ocrx_word' id='word_1_180' title='bbox 350 1608 415 1643; x_wconf 91' lang='lat' dir='ltr'><strong>ubi</strong></span> <span class='ocrx_word' id='word_1_181' title='bbox 436 1609 668 1645; x_wconf 89' lang='lat' dir='ltr'><strong>concubitus</strong></span> <span class='ocrx_word' id='word_1_182' title='bbox 688 1611 833 1657; x_wconf 90' lang='lat' dir='ltr'><strong>primos</strong></span> <span class='ocrx_word' id='word_1_183' title='bbox 853 1612 929 1646; x_wconf 88' lang='lat' dir='ltr'><strong>iam</strong></span> <span class='ocrx_word' id='word_1_184' title='bbox 950 1615 1044 1646; x_wconf 85' lang='lat' dir='ltr'><strong>nota</strong></span> <span class='ocrx_word' id='word_1_185' title='bbox 1065 1610 1244 1659; x_wconf 78' lang='lat' dir='ltr'><strong>voluptas</strong></span> <span class='ocrx_word' id='word_1_186' title='bbox 1311 1611 1384 1648; x_wconf 88' lang='lat'><strong>130</strong></span> 
     </span>
    </p>
   </div>
   <div class='ocr_carea' id='block_1_3' title="bbox 251 1700 1383 1871">
    <p class='ocr_par' dir='ltr' id='par_1_4' title="bbox 251 1700 1383 1779">
     <span class='ocr_line' id='line_1_30' title="bbox 251 1700 1383 1745; baseline 0.004 -14"><span class='ocrx_word' id='word_1_187' title='bbox 251 1700 294 1719; x_wconf 80' lang='lat'><strong>¹⁰⁹</strong></span> <span class='ocrx_word' id='word_1_188' title='bbox 318 1711 499 1742; x_wconf 80' lang='lat' dir='ltr'><strong>exsurgere</strong></span> <span class='ocrx_word' id='word_1_189' title='bbox 517 1701 555 1733; x_wconf 83' lang='lat' dir='ltr'><strong>R.</strong></span> <span class='ocrx_word' id='word_1_190' title='bbox 620 1700 663 1720; x_wconf 71' lang='lat'><strong>¹¹⁴</strong></span> <span class='ocrx_word' id='word_1_191' title='bbox 686 1701 817 1743; x_wconf 80' lang='lat' dir='ltr'><strong>rapidis</strong></span> <span class='ocrx_word' id='word_1_192' title='bbox 834 1702 900 1734; x_wconf 54' lang='grc' dir='ltr'><strong>ΜΞ.</strong></span> <span class='ocrx_word' id='word_1_193' title='bbox 967 1702 1011 1722; x_wconf 86' lang='lat'><strong>¹²²</strong></span> <span class='ocrx_word' id='word_1_194' title='bbox 1034 1703 1185 1745; x_wconf 85' lang='lat' dir='ltr'><strong>gentem]</strong></span> <span class='ocrx_word' id='word_1_195' title='bbox 1204 1714 1326 1735; x_wconf 86' lang='lat' dir='ltr'><strong>nomen</strong></span> <span class='ocrx_word' id='word_1_196' title='bbox 1343 1703 1383 1735; x_wconf 85' lang='lat' dir='ltr'><strong>R.</strong></span> 
     </span>
     <span class='ocr_line' id='line_1_31' title="bbox 252 1743 1086 1779; baseline 0.006 -6"><span class='ocrx_word' id='word_1_197' title='bbox 252 1743 295 1761; x_wconf 80' lang='lat'><strong>12³</strong></span> <span class='ocrx_word' id='word_1_198' title='bbox 318 1744 431 1774; x_wconf 86' lang='lat' dir='ltr'><strong>anima</strong></span> <span class='ocrx_word' id='word_1_199' title='bbox 447 1744 601 1775; x_wconf 81' lang='lat' dir='ltr'><strong>adversis</strong></span> <span class='ocrx_word' id='word_1_200' title='bbox 618 1744 658 1774; x_wconf 83' lang='lat' dir='ltr'><em>M</em></span> <span class='ocrx_word' id='word_1_201' title='bbox 671 1758 680 1776; x_wconf 90' lang='lat'><strong>.·</strong></span> <span class='ocrx_word' id='word_1_202' title='bbox 704 1746 856 1776; x_wconf 76' lang='lat' dir='ltr'><strong>animum</strong></span> <span class='ocrx_word' id='word_1_203' title='bbox 874 1745 1028 1777; x_wconf 81' lang='lat' dir='ltr'><strong>adversis</strong></span> <span class='ocrx_word' id='word_1_204' title='bbox 1046 1747 1086 1779; x_wconf 91' lang='lat' dir='ltr'><strong>P.</strong></span> 
     </span>
    </p>

    <p class='ocr_par' dir='ltr' id='par_1_5' title="bbox 252 1785 823 1828">
     <span class='ocr_line' id='line_1_32' title="bbox 252 1785 823 1828; baseline 0.005 -12"><span class='ocrx_word' id='word_1_205' title='bbox 252 1785 294 1804; x_wconf 77' lang='lat'><strong>¹²⁵</strong></span> <span class='ocrx_word' id='word_1_206' title='bbox 319 1787 450 1826; x_wconf 84' lang='lat' dir='ltr'><strong>pecoris</strong></span> <span class='ocrx_word' id='word_1_207' title='bbox 467 1787 505 1818; x_wconf 90' lang='lat' dir='ltr'><strong>P.</strong></span> <span class='ocrx_word' id='word_1_208' title='bbox 556 1788 759 1828; x_wconf 82' lang='lat' dir='ltr'><strong>magistrum</strong></span> <span class='ocrx_word' id='word_1_209' title='bbox 778 1788 823 1820; x_wconf 89' lang='lat' dir='ltr'><strong>P.</strong></span> 
     </span>
    </p>

    <p class='ocr_par' dir='ltr' id='par_1_6' title="bbox 252 1827 1256 1871">
     <span class='ocr_line' id='line_1_33' title="bbox 252 1827 1256 1871; baseline 0.005 -12"><span class='ocrx_word' id='word_1_210' title='bbox 252 1827 295 1847; x_wconf 81' lang='lat'><strong>¹²⁹</strong></span> <span class='ocrx_word' id='word_1_211' title='bbox 317 1832 489 1870; x_wconf 83' lang='lat' dir='ltr'><strong>nequeant</strong></span> <span class='ocrx_word' id='word_1_212' title='bbox 506 1829 556 1861; x_wconf 84' lang='lat' dir='ltr'><strong>P:</strong></span> <span class='ocrx_word' id='word_1_213' title='bbox 583 1841 754 1871; x_wconf 82' lang='lat' dir='ltr'><strong>nequeans</strong></span> <span class='ocrx_word' id='word_1_214' title='bbox 772 1830 840 1863; x_wconf 74' lang='lat' dir='ltr'><strong>Ml.</strong></span> <span class='ocrx_word' id='word_1_215' title='bbox 972 1830 1016 1851; x_wconf 79' lang='lat'><strong>¹³⁰</strong></span> <span class='ocrx_word' id='word_1_216' title='bbox 1040 1832 1200 1863; x_wconf 75' lang='lat' dir='ltr'><strong>voluntas</strong></span> <span class='ocrx_word' id='word_1_217' title='bbox 1216 1832 1256 1866; x_wconf 91' lang='lat' dir='ltr'><strong>P.</strong></span> 
     </span>
    </p>
   </div>
   <div class='ocr_carea' id='block_1_4' title="bbox 294 1938 1284 2017">
    <p class='ocr_par' dir='ltr' id='par_1_7' title="bbox 294 1938 1284 2017">
     <span class='ocr_line' id='line_1_34' title="bbox 294 1938 1284 1985; baseline 0.006 -16"><span class='ocrx_word' id='word_1_218' title='bbox 294 1938 305 1957; x_wconf 95' lang='grc'><strong>1</strong></span> <span class='ocrx_word' id='word_1_219' title='bbox 332 1941 381 1971; x_wconf 54' lang='lat' dir='ltr'><strong>zle.</strong></span> <span class='ocrx_word' id='word_1_220' title='bbox 402 1940 461 1970; x_wconf 88' lang='lat' dir='ltr'><strong>the</strong></span> <span class='ocrx_word' id='word_1_221' title='bbox 478 1940 556 1971; x_wconf 83' lang='lat' dir='ltr'><strong>task</strong></span> <span class='ocrx_word' id='word_1_222' title='bbox 574 1939 608 1971; x_wconf 83' lang='lat' dir='ltr'><strong>of</strong></span> <span class='ocrx_word' id='word_1_223' title='bbox 625 1940 789 1982; x_wconf 78' lang='lat' dir='ltr'><strong>breeding</strong></span> <span class='ocrx_word' id='word_1_224' title='bbox 804 1942 916 1973; x_wconf 82' lang='lat' dir='ltr'><strong>either</strong></span> <span class='ocrx_word' id='word_1_225' title='bbox 932 1952 1043 1973; x_wconf 84' lang='lat' dir='ltr'><strong>racers</strong></span> <span class='ocrx_word' id='word_1_226' title='bbox 1060 1953 1098 1973; x_wconf 87' lang='lat' dir='ltr'><strong>or</strong></span> <span class='ocrx_word' id='word_1_227' title='bbox 1115 1942 1284 1985; x_wconf 84' lang='lat' dir='ltr'><strong>chargers.</strong></span> 
     </span>
     <span class='ocr_line' id='line_1_35' title="bbox 294 1981 1056 2017; baseline 0.007 -5"><span class='ocrx_word' id='word_1_228' title='bbox 294 1981 306 1999; x_wconf 82' lang='lat'>²</span> <span class='ocrx_word' id='word_1_229' title='bbox 332 1984 383 2013; x_wconf 56' lang='lat' dir='ltr'><strong>cle.</strong></span> <span class='ocrx_word' id='word_1_230' title='bbox 402 1982 460 2013; x_wconf 87' lang='lat' dir='ltr'><strong>the</strong></span> <span class='ocrx_word' id='word_1_231' title='bbox 478 1983 534 2014; x_wconf 87' lang='lat' dir='ltr'><strong>old</strong></span> <span class='ocrx_word' id='word_1_232' title='bbox 551 1983 650 2014; x_wconf 85' lang='lat' dir='ltr'><strong>horse</strong></span> <span class='ocrx_word' id='word_1_233' title='bbox 666 1983 846 2016; x_wconf 81' lang='lat' dir='ltr'><strong>described</strong></span> <span class='ocrx_word' id='word_1_234' title='bbox 862 1985 897 2016; x_wconf 92' lang='lat' dir='ltr'><strong>in</strong></span> <span class='ocrx_word' id='word_1_235' title='bbox 914 1984 951 2016; x_wconf 96' lang='lat' dir='ltr'><strong>ll.</strong></span> <span class='ocrx_word' id='word_1_236' title='bbox 969 1986 1009 2017; x_wconf 87' lang='grc'><strong>95</strong></span> <span class='ocrx_word' id='word_1_237' title='bbox 1021 1985 1056 2017; x_wconf 88' lang='lat' dir='ltr'><strong>ff.</strong></span> 
     </span>
    </p>
   </div>
   <div class='ocr_carea' id='block_1_5' title="bbox 210 2041 280 2078">
    <p class='ocr_par' dir='ltr' id='par_1_8' title="bbox 210 2041 280 2078">
     <span class='ocr_line' id='line_1_36' title="bbox 210 2041 280 2078; baseline 0.014 -1"><span class='ocrx_word' id='word_1_238' title='bbox 210 2041 280 2078; x_wconf 84' lang='lat'><strong>162</strong></span> 
     </span>
    </p>
   </div>
  </div>
 </body>
</html>
