1430 2335
645 88 837 126 VIRGIL

200 164 256 201 At
275 168 425 214 regina,
444 177 540 215 pyra
559 165 754 213 penetrali
774 168 814 201 in
836 165 929 202 sede
946 166 1017 203 sub
1037 179 1149 204 auras

147 231 280 262 erecta
299 229 455 276 ingenti
475 226 604 263 taedis
622 231 742 276 atque
762 226 851 264 ilice
872 232 992 273 secta,
1251 232 1325 267 505

146 287 401 338 intenditque
420 287 551 324 locum
571 290 686 325 sertis
706 293 749 325 et
767 287 909 326 fronde
929 295 1090 326 coronat

146 347 332 394 funerea;
363 362 481 399 super
501 352 659 387 exuvias
680 363 895 400 ensemque
915 350 1098 388 relictum

146 411 396 461 effigiemque
417 416 503 447 toro
523 411 640 456 locat,
660 410 767 447 haud
787 414 924 460 ignara
942 411 1077 449 futuri.

146 476 255 508 stant
271 486 361 510 arae
382 475 529 509 circum
549 478 591 510 et
610 475 728 509 crinis
749 472 871 510 effusa
891 473 1071 510 sacerdos

145 538 208 570 ter
226 539 387 570 centum
406 539 523 571 tonat
541 547 608 571 ore
628 534 738 580 deos,
754 534 1006 584 Erebumque
1028 535 1232 585 Chaosque
1251 540 1326 572 510

145 598 488 645 tergeminamque
511 596 710 641 Hecaten,
730 598 805 632 tria
825 598 986 645 virginis
1005 609 1071 633 ora
1091 596 1254 635 Dianae.

145 663 342 706 sparserat
361 663 405 695 et
422 658 560 695 latices
581 658 783 694 simulatos
803 657 923 694 fontis
944 659 1113 705 Averni;

146 719 311 757 falcibus
332 725 373 757 et
391 733 542 757 messae
562 719 612 756 ad
631 719 765 756 lunam
786 725 1031 769 quaeruntur
1049 723 1158 758 aenis

146 782 342 830 pubentes
362 781 508 819 herbae
529 784 633 831 nigri
652 795 742 817 cum
761 781 865 818 lacte
885 785 1029 818 veneni
1046 794 1055 826 ;

146 846 349 892 quaeritur
369 848 410 880 et
430 845 629 880 nascentis
649 845 741 892 equi
762 842 812 879 de
832 842 965 880 fronte
985 843 1159 880 revolsus
1253 848 1326 880 515

146 909 188 940 et
207 907 323 940 matri
342 909 575 953 praereptus
593 917 713 940 amor.

145 968 229 1015 ipsa
246 965 351 1002 mola
370 966 628 1015 manibusque
649 968 722 1015 piis
741 965 878 1002 altaria
898 968 1020 1011 iuxta,

145 1039 267 1064 unum
289 1032 408 1064 exuta
428 1027 573 1076 pedem
593 1027 743 1072 vinclis,
764 1029 805 1063 in
824 1031 936 1065 veste
955 1030 1142 1073 recincta,

147 1093 318 1126 testatur
335 1091 524 1126 moritura
545 1088 640 1125 deos
660 1093 701 1125 et
721 1091 876 1125 conscia
896 1088 967 1126 fati

146 1150 297 1194 sidera3
327 1155 426 1196 tum,
447 1152 477 1187 si
499 1150 605 1199 quod
624 1163 704 1186 non
724 1163 850 1199 aequo
870 1149 1032 1188 foedere
1052 1152 1220 1187 amantis
1251 1155 1327 1188 520

147 1225 262 1248 curae
282 1224 430 1248 numen
451 1211 574 1247 habet
593 1214 821 1260 iustumque
840 1224 1084 1261 memorque,
1105 1217 1298 1260 precatur.

200 1272 288 1309 Nox
308 1278 406 1318 erat,
427 1278 468 1309 et
487 1272 687 1322 placidum
707 1273 923 1321 carpebant
942 1272 1045 1310 fessa
1064 1286 1245 1322 soporem
1275 1286 1327 1310 ΜΡ

146 1346 307 1383 corpora
326 1346 396 1382 per
415 1339 551 1378 terras,
571 1333 772 1383 silvaeque
792 1338 835 1370 et
854 1346 969 1370 saeva
988 1336 1171 1383 quierant

146 1407 330 1444 aequora,
350 1408 439 1431 cum
460 1394 592 1431 medio
612 1394 824 1431 volvuntur
843 1394 971 1431 sidera
990 1394 1115 1444 lapsu,
1252 1399 1327 1433 524-

146 1470 235 1493 cum
254 1461 361 1493 tacet
381 1459 507 1493 omnis
526 1468 633 1505 ager,
654 1456 827 1505 pecudes
846 1458 1056 1506 pictaeque
1076 1456 1266 1503 volucres,

146 1531 325 1568 quaeque
345 1518 451 1555 lacus
471 1518 550 1555 late
570 1517 753 1567 liquidos,
775 1530 954 1568 quaeque
974 1531 1111 1567 aspera
1129 1518 1258 1555 dumis

146 1592 235 1616 rura
253 1585 410 1624 tenent,
430 1593 566 1616 sonmo
585 1582 738 1629 positae
757 1580 829 1616 sub
850 1584 968 1616 nocte
988 1579 1132 1617 silenti.

147 1639 345 1692 [lenibant
364 1654 475 1677 curas
495 1645 537 1677 et
557 1640 674 1676 corda
694 1640 817 1677 oblita
837 1639 1045 1691 laborum.]

145 1707 186 1738 at
206 1715 286 1738 non
305 1701 444 1739 infelix
465 1704 586 1738 animi
609 1701 836 1747 Phoenissa,
855 1715 986 1751 neque
1007 1715 1193 1751 umquam

146 1763 311 1800 solvitur
329 1767 369 1800 in
390 1777 561 1809 somnos,
580 1763 752 1800 oculisve
772 1769 842 1800 aut
862 1768 1023 1813 pectore
1043 1768 1202 1800 noctem
1251 1768 1324 1800 530

145 1827 313 1874 accipit3
341 1828 594 1875 ingeminant
613 1837 742 1871 curae,
762 1838 973 1875 rursusque
994 1838 1203 1874 resurgens

147 1890 271 1924 saevit
290 1900 411 1933 amor,
430 1900 654 1937 magnoque
675 1889 819 1923 irarum
840 1886 1006 1924 fluctuat
1025 1892 1148 1924 aestu.

190 1949 236 1969 ⁵¹⁷
262 1951 385 1982 molam
403 1952 481 1982 MP.
541 1949 588 1969 ⁵²⁸
612 1949 739 1981 omitted
757 1951 795 1992 by
811 1950 880 1981 MP
892 1964 901 1982 :
926 1955 978 1982 not
992 1949 1114 1982 uoticed
1129 1950 1167 1992 by
1183 1950 1324 1983 Sere-ius.

191 1993 233 2012 ⁵²⁹
262 2004 370 2032 neque
385 1993 428 2025 Ρ]
449 2005 455 2025 ;
475 2004 603 2032 uaeque
620 1992 674 2024 Μ1
690 2004 695 2025 ;
724 2004 784 2026 nec
800 1993 941 2026 Servius.

149 2051 230 2084 430
