1430 2335
668 76 858 112 VIRGIL

169 152 245 188 huc
262 165 301 187 se
323 154 499 200 provecti
520 151 678 188 deserto
697 154 737 187 in
756 151 873 188 litore
893 150 1081 190 condunt.

168 218 238 241 nos
258 206 399 240 abiisse
420 207 493 240 rati
514 210 555 241 et
575 210 694 241 vento
713 208 876 254 petiisse
898 205 1100 254 Mycenas.

168 271 263 307 ergo
283 261 410 294 omnis
429 258 548 306 longo
568 258 684 295 solvit
703 271 744 295 se
765 258 932 294 Teucria
957 258 1079 295 luctu.

169 311 399 360 panduntur
418 318 579 360 portae3
608 315 716 347 iuvat
735 315 791 348 ire
812 317 853 348 et
878 311 1019 347 Dorica
1039 316 1166 348 castra

169 365 427 414 desertosque
448 365 581 401 videre
604 366 707 401 locos
727 365 900 414 litusque
920 365 1113 401 relictum.

170 418 234 453 hic
256 418 455 467 Dolopum
475 431 626 463 manus,
646 418 709 454 hic
729 431 867 455 saevus
888 418 1083 454 tendebat
1104 418 1292 463 Achilles,

170 472 356 508 classibus
378 471 440 508 hic
459 471 582 516 locus,
604 471 666 508 hic
687 474 770 508 acie
792 477 944 508 certare
965 472 1156 508 solebant.
1296 476 1345 508 30

171 538 258 574 pars
279 530 415 575 stupet
435 527 629 574 innuptae
650 525 798 561 donum
819 524 979 561 exitiale
1001 525 1204 561 Minervae

170 584 211 615 et
232 579 376 615 molem
398 581 591 614 mirantur
610 582 701 628 equi
719 591 727 622 ;
756 581 983 628 primusque
1003 578 1247 628 Thymoetes

170 633 261 668 duci
282 635 385 669 intra
403 645 536 668 muros
556 631 738 668 hortatur
757 637 799 669 et
817 644 906 668 arce
925 632 1057 677 locari,

171 689 251 722 sive
271 686 362 722 dolo
382 699 451 722 seu
470 688 547 721 iam
567 686 706 722 Troiae
727 688 782 721 sic
802 685 883 721 fata
903 685 1098 722 ferebant.

169 744 211 775 at
232 739 373 788 Capys,
393 744 434 775 et
455 752 620 788 quorum
643 739 784 775 melior
802 741 1003 775 sententia
1021 741 1161 783 menti,
1297 743 1345 776 35

169 798 237 828 aut
257 793 399 842 pelago
421 792 603 828 Danaum
622 792 785 829 insidias
804 798 1065 841 suspectaque
1086 792 1190 828 dona

170 848 430 895 praecipitare
450 847 591 882 iubent
610 846 879 895 subiectisque
898 859 1013 882 urere
1033 845 1211 891 flammis,

168 905 238 936 aut
258 900 458 936 terebrare
479 912 592 936 cavas
610 902 715 935 uteri
734 905 777 936 et
794 904 994 948 temptare
1012 898 1196 936 latebras.

171 953 365 989 scinditur
384 956 581 989 incertum
601 953 732 989 studia
750 956 792 989 in
811 955 1007 989 contraria
1026 953 1173 1001 volgus.

224 1011 247 1027 “
265 1006 413 1043 Primus
461 1007 516 1043 ibi
571 1011 665 1042 ante
723 1009 863 1052 omnis,
909 1019 1054 1054 magna
1104 1009 1320 1042 comitante

277 1065 447 1103 caterva,
1296 1064 1347 1095 40

171 1113 350 1149 Laocoon
372 1114 515 1149 ardens
535 1126 688 1149 summa
706 1112 881 1150 decurrit
900 1114 949 1149 ab
968 1126 1057 1150 arce

171 1172 213 1203 et
233 1167 367 1216 procul
386 1181 393 1203 :
423 1171 434 1188 ἴ
448 1180 470 1202 o
490 1169 636 1211 miseri,
656 1179 756 1215 quae
777 1172 890 1203 tanta
909 1170 1074 1212 insania,
1094 1167 1224 1204 cives?

171 1220 334 1256 creditis
355 1226 515 1256 avectos
536 1220 689 1256 hostis?
722 1225 791 1257 aut
810 1220 889 1256 ulla
909 1223 1058 1269 putatis

171 1274 275 1309 (lona
295 1287 427 1310 carere
448 1273 548 1309 dolis
570 1273 782 1309 Danaum?
839 1277 893 1310 sic
913 1279 1029 1310 notus
1050 1274 1188 1311 Ulixes
1205 1275 1218 1309 ?

170 1333 239 1363 aut
258 1327 332 1364 hoc
352 1327 494 1363 inclusi
514 1327 625 1375 ligno
645 1327 898 1364 occultantur
917 1326 1073 1372 Achivi,
1298 1332 1346 1364 45

169 1386 238 1417 aut
258 1381 355 1417 haec
375 1383 414 1416 in
437 1386 592 1417 nostros
613 1380 804 1417 fabricata
823 1385 885 1417 est
904 1380 1086 1417 machina
1111 1393 1256 1427 muros,

171 1439 397 1483 inspectura
418 1434 556 1470 domos
575 1439 823 1483 venturaque
843 1434 1016 1482 desuper
1035 1435 1134 1478 urbi,

170 1494 238 1523 aut
259 1488 398 1537 aliquis
418 1487 519 1524 latet
539 1499 667 1530 error3
699 1500 802 1537 equo
822 1500 873 1524 ne
894 1488 1059 1533 credite,
1078 1487 1231 1525 Teucri.

170 1541 364 1590 quidquid
385 1541 424 1577 id
445 1546 519 1586 est,
540 1543 662 1577 timeo
686 1541 842 1577 Danaos
863 1545 904 1577 et
924 1541 1029 1577 dona
1050 1540 1241 1578 fe1·entis.'

169 1598 223 1631 sic
245 1594 348 1631 fatus
367 1594 504 1630 validis
524 1597 728 1643 ingentem
750 1595 896 1631 viribus
912 1594 1068 1630 hastam
1299 1598 1347 1631 50

170 1651 210 1684 in
230 1648 333 1684 latus
352 1651 472 1698 inque
493 1647 565 1684 feri
586 1661 745 1684 curvam
765 1649 1022 1696 compagibus
1041 1647 1172 1684 alvum

170 1704 374 1738 contorsit.
431 1705 548 1738 stetit
567 1701 634 1736 illa
655 1707 843 1746 tremens,
863 1707 1056 1751 uteroque
1076 1714 1233 1737 recusso

168 1757 380 1791 insonuere
401 1767 518 1791 cavae
538 1757 813 1804 gemitumque
832 1754 981 1791 dedere
1002 1767 1206 1792 cavernae.

1295 208 1316 239 Ν)

1323 208 1342 239 01

274 1871 303 1892 ³⁷
320 1871 411 1901 iubet
431 1870 484 1944 1Ξί
502 1871 642 1903 Nonius.
689 1871 895 1903 subiectisve
910 1871 1024 1902 known
1040 1875 1069 1902 to
1085 1871 1229 1904 Servius.

274 1915 302 1934 3⁸
324 1919 418 1945 utero
488 1937 497 1946 .

167 2023 188 2054 Q
194 2023 217 2058 9
222 2015 242 2053 [i
