1430 2335
665 97 856 134 VIRGIL

171 178 265 212 vicit
284 178 361 212 iter
380 175 521 212 durum
542 176 696 225 pietas?
752 175 869 214 datur
889 188 955 212 ora
975 178 1090 222 tueri,
1213 188 1344 213 FGMPn

171 234 279 274 nate,
298 234 367 265 tua
387 234 429 266 et
448 234 561 265 notas
581 229 717 266 audire
738 234 780 266 et
799 229 966 266 reddere
986 231 1129 267 voces?

171 285 226 319 sic
245 282 430 332 equidem
450 282 643 319 ducebam
663 285 794 319 animo
815 284 1005 333 rebarque
1026 283 1217 330 futurum,
1273 285 1345 322 690

171 341 351 385 tempora
370 336 638 380 dinumerans,
658 349 732 373 nec
745 349 815 375 rme
836 350 923 373 mea
942 350 1034 373 cura
1053 336 1210 374 fefellit.

171 403 266 439 quas
288 403 362 439 ego
381 395 422 426 'te
444 395 568 426 terras
589 395 630 427 et
650 395 797 439 quanta
817 403 888 439 per
906 403 1075 440 aequora
1095 396 1252 428 vectum

170 446 319 493 accipio
337 444 343 479 !
375 446 532 493 quantis
550 446 753 488 iactatum,
774 449 882 489 nate,
901 444 1057 493 periclis
1073 445 1079 480 Ι

171 510 287 546 quam
307 499 446 543 metui,
465 510 515 534 ne
536 496 629 547 quid
654 497 800 547 Libyae
819 498 891 534 tibi
913 511 1036 546 regna
1054 503 1246 535 nocerent
1262 498 1269 535 !
1288 498 1309 510 ’⁹

171 551 237 587 ille
257 555 415 587 autem:
444 555 549 587 “tua
567 564 642 597 me,
665 553 836 599 genitor,
856 556 924 588 tua
944 554 1068 588 tristis
1088 554 1217 600 imago
1273 552 1344 589 695

171 607 325 654 saepius
345 617 554 641 occurrens
575 603 672 641 haec
692 604 828 640 limina
848 604 1015 641 tendere
1035 605 1171 654 adegit
1188 618 1196 649 3

171 663 279 695 stant
299 658 378 695 sale
399 657 605 708 Tyrrheno
625 658 670 694 cl
672 671 776 695 15565.
834 658 912 694 da'
904 671 1068 707 iungere
1088 659 1283 706 dextram,

171 712 206 748 d·
199 726 232 757 -1,
252 714 422 760 genitor,
439 717 562 761 teque
581 712 766 761 amplexu
786 725 837 748 ne
858 712 1045 749 subtrahe
1066 713 1237 750 1105110.Π

171 768 225 802 510
245 778 467 803 memorans
486 765 596 814 largo
617 765 711 802 fletu
732 765 847 802 simul
868 778 933 802 ora
953 767 1118 814 rigabat.

171 825 233 856 ter
253 824 417 856 conatus
437 820 490 855 ibi
511 819 611 855 collo
633 819 726 855 dare
746 819 928 855 bracchia
949 822 1108 865 circum,
1272 822 1346 858 700

170 878 233 910 tei
253 872 397 909 frustra
417 885 649 922 comprensa
669 885 807 909 manus
828 872 966 921 effugit
986 876 1130 922 imago,

171 939 240 975 par
260 926 412 963 levibus
432 929 561 963 ventis
582 926 808 976 volucrique
829 926 1027 971 simillima
1046 940 1193 964 somno.

226 980 386 1017 Interea
406 980 517 1016 videt
539 980 694 1016 Aeneas
716 983 755 1015 111
778 979 879 1016 valle
900 980 1064 1017 reducta

171 1034 367 1070 seclusum
388 1047 527 1070 nemus
548 1039 589 1070 et
609 1034 781 1082 virgulta
801 1036 980 1070 sonantia
1000 1034 1120 1071 silvae
1273 1036 1346 1073 704

172 1087 485 1137 Lethaeumque,
502 1087 638 1123 domos
658 1087 830 1136 placidas
851 1090 915 1136 qui
936 1093 1155 1136 praenatat,
1175 1101 1342 1127 amnem.

170 1140 276 1178 1111110
297 1144 442 1177 circum
463 1143 693 1177 innumerae
714 1146 857 1190 gentes
878 1141 1091 1190 populique
1113 1142 1319 1186 volabant3

170 1208 215 1231 ac
235 1195 359 1232 veluti
379 1197 420 1230 in
441 1198 563 1243 pratis
584 1195 650 1231 ubi
671 1208 764 1243 apes
784 1200 936 1231 aestate
957 1208 1095 1232 serena

170 1248 328 1285 floribus
349 1248 528 1285 insidunt
548 1251 662 1284 variis
683 1253 724 1285 et
739 1248 906 1285 candida
926 1251 1072 1285 circum

170 1302 251 1338 lilia
271 1301 507 1347 funduntur,
528 1304 670 1351 strepit
690 1304 816 1339 omnis
835 1315 1035 1339 murmure
1056 1316 1226 1352 campus.

170 1355 363 1392 horrescit
382 1358 463 1392 visu
484 1356 615 1399 subito
635 1368 848 1405 causasque
867 1359 1032 1405 requirit
1271 1358 1346 1396 710

170 1412 315 1446 inscius
336 1409 506 1455 Aeneas,
527 1422 628 1458 quae
649 1412 728 1446 sint
744 1422 790 1446 ea
809 1409 968 1446 flumina
990 1423 1116 1459 porro,

170 1466 286 1512 quive
307 1465 377 1499 viri
398 1468 511 1500 tanto
532 1463 769 1512 complerint
788 1466 947 1512 agmine
968 1466 1096 1512 ripas„

169 1522 253 1553 tum
275 1522 388 1566 pater
408 1516 602 1553 Anchises
619 1530 625 1552 :
656 1521 677 1537 ‘⁴'
694 1520 860 1562 animae,
880 1518 1021 1566 quibus
1041 1518 1165 1555 altera
1185 1517 1267 1555 fato

170 1583 330 1619 corpora
349 1570 561 1615 debentur,
584 1570 750 1607 Lethaei
769 1570 817 1606 ad
839 1570 1007 1607 fluminis
1027 1571 1173 1608 undam

169 1637 325 1661 securos
346 1624 482 1660 latices
503 1629 545 1660 et
564 1624 682 1672 longa
702 1623 844 1660 oblivia
863 1629 1015 1673 potant.
1271 1628 1344 1665 715

170 1677 238 1714 has
259 1678 445 1727 equidem
465 1690 682 1714 memorare
703 1678 775 1714 tibi
794 1683 915 1727 atque
935 1678 1146 1715 ostendere
1168 1691 1310 1725 coram,

169 1732 402 1780 iampridem
421 1731 522 1767 hanc
544 1731 694 1780 prolem
715 1734 828 1780 cupio
849 1744 1080 1768 enumerare
1101 1746 1290 1777 meorum,

170 1798 247 1833 quo
266 1788 389 1833 magis
412 1785 525 1822 ltalia
546 1798 701 1821 mecum
720 1784 870 1822 laetere
890 1785 1086 1834 reperta.'’

512 1873 554 1892 ⁷⁰²
579 1874 710 1904 omitted
726 1873 764 1904 P.

511 1916 553 1934 ⁷⁰4
577 1916 744 1947 reclusum
764 1915 802 1947 R.
856 1916 952 1947 silvis
970 1916 1059 1949 FM2.

511 1959 556 1977 ⁷⁰⁷
580 1959 676 1990 velut
690 1958 762 1990 PR.

509 2001 554 2020 ⁷¹⁸
576 2002 715 2033 Italiam
741 2027 747 2034 .
775 2027 782 2034 .
811 2027 817 2034 .
847 2006 1016 2044 repertam
1039 2003 1120 2035 [ΜΕ.

169 2063 242 2100 554
