1430 2335
696 90 890 128 VIRGIL

256 169 468 206 Texendae
490 181 628 217 saepes
648 171 767 205 etiam
789 174 832 205 et
850 181 972 218 pecus
991 181 1109 205 omne
1129 168 1360 214 tenendum,

202 226 413 272 praecipue
434 222 529 258 dum
550 222 656 258 frons
676 228 816 258 tenera
834 222 1143 272 imprudensque
1162 222 1362 266 laborum3

203 279 265 312 cui
287 288 405 324 super
425 275 607 324 indignas
629 275 780 312 hiemes
799 276 1002 325 solemque
1022 280 1231 324 potentem

202 329 401 365 silvestres
424 331 482 365 uri
503 328 668 365 adsidue
690 342 933 378 capreaeque
953 341 1140 378 sequaces

203 382 405 427 inludunt,
425 387 640 431 pascuntur
659 395 751 418 oves
770 382 988 432 avidaeque
1007 385 1208 419 iuvencae.
1305 382 1380 420 375

202 436 347 484 frigora
368 449 441 472 nec
461 441 619 472 tantum
639 449 736 471 cana
756 441 941 472 concreta
960 438 1100 485 pruina

205 495 274 526 aut
293 492 420 538 gravis
440 490 674 526 incumbens
694 489 865 538 scopulis
884 490 1086 525 arentibus
1106 493 1246 534 aestas,

205 548 397 592 quantum
418 543 475 578 illi
497 555 667 579 nocuere
688 555 830 591 greges
849 542 1016 591 durique
1037 555 1236 578 venenum

203 597 336 633 dentis
357 602 397 632 et
418 596 598 632 admorso
618 600 773 644 signata
791 599 832 631 in
852 599 974 645 stirpe
995 598 1166 632 cicatrix.

203 663 280 686 11011
302 650 417 685 aliam
438 651 487 686 ob
508 649 664 698 culpam
685 649 840 685 Baccho
860 662 977 698 caper
995 651 1176 685 omnibus
1195 651 1271 686 aris
1302 661 1382 685 Mpn

204 703 382 740 caeditur
402 708 444 739 et
464 708 618 739 veteres
638 706 780 739 ineunt
798 705 1026 752 proscaenia
1048 702 1144 746 ludi,
1305 704 1379 741 381
1420 719 1423 722 ·

204 759 454 806 praemiaque
475 759 645 805 ingeniis
665 769 786 806 pagos
807 762 849 793 et
867 759 1039 805 compita
1059 759 1205 792 circum

204 810 399 846 Thesidae
421 823 598 859 posuere,
620 815 739 859 atque
760 813 865 846 inter
884 810 1024 859 pocula
1044 809 1140 846 laeti

204 864 387 900 mollibus
406 867 446 899 in
467 867 588 912 pratis
610 869 748 899 unctos
769 863 921 900 saluere
942 876 1012 912 per
1032 868 1151 900 utres.

205 930 280 954 nec
301 931 379 953 11011
402 918 579 961 Ausonii,
600 917 714 953 Troia
733 930 832 965 gens
851 919 980 963 missa,
995 916 1123 952 coloni
1309 917 1332 954 3

207 972 382 1007 versibus
402 973 613 1019 incomptis
634 970 778 1006 ludunt
800 973 957 1019 risuque
978 970 1120 1014 soluto,

207 1037 352 1074 oraque
373 1025 582 1060 corticibus
603 1029 764 1060 sumunt
785 1023 980 1059 horrenda
1000 1026 1154 1068 cavatis,

205 1083 247 1114 et
266 1083 321 1123 te,
342 1077 508 1122 Bacche,
529 1083 671 1113 vocant
690 1090 762 1126 per
782 1080 954 1113 carmina
974 1076 1090 1122 laeta,
1110 1077 1264 1126 tibique

205 1131 337 1167 oscilla
357 1144 403 1167 ex
425 1131 504 1167 alta
524 1131 773 1180 suspendunt
793 1130 924 1167 mollia
946 1133 1050 1179 pinu.

205 1185 297 1220 hinc
319 1187 444 1220 omnis
463 1184 572 1232 largo
592 1185 774 1233 pubescit
794 1188 907 1221 vinea
926 1184 1026 1230 fetu,
1306 1185 1382 1222 390

205 1238 455 1287 complentur
475 1238 676 1287 vallesque
697 1251 813 1274 cavae
833 1238 1033 1286 saltusque
1053 1236 1240 1286 profundi

205 1297 247 1328 et
267 1305 515 1341 quocumque
536 1291 632 1328 deus
654 1294 799 1327 circum
821 1296 940 1340 caput
960 1293 1043 1340 egit
1064 1291 1287 1328 honestum.

205 1358 300 1394 ergo
319 1348 394 1381 rite
414 1358 526 1381 suum
552 1345 702 1381 Baccho
721 1345 898 1381 dicemus
919 1344 1109 1380 honorem

205 1399 442 1435 carminibus
462 1401 598 1447 patriis
618 1398 829 1447 lancesque
851 1403 892 1434 et
911 1398 990 1433 liba
1010 1397 1194 1442 feremus,

207 1457 248 1488 et
269 1452 411 1488 ductus
431 1465 551 1487 cornu
572 1452 694 1488 stabit.
713 1464 821 1488 sacer
840 1451 970 1487 hircus
989 1451 1039 1487 ad
1059 1464 1178 1496 aram,
1307 1452 1380 1490 395

204 1508 445 1554 pinguiaque
466 1508 505 1540 in
526 1505 680 1541 veribus
699 1505 936 1541 torrebimus
956 1509 1048 1541 exta
1067 1504 1248 1541 colurnis.

259 1559 330 1595 Est
351 1561 471 1594 etiam
492 1558 559 1595 ille
580 1558 688 1594 labor
708 1558 890 1594 curandis
910 1558 1055 1594 vitibus
1074 1557 1188 1603 alter,

205 1615 266 1648 cui
286 1625 500 1661 numquam
521 1612 701 1648 exhausti
722 1614 816 1648 satis
835 1616 920 1648 est:
948 1623 1119 1660 namque
1136 1624 1253 1648 omne
1269 1615 1380 1661 quot-

309 1679 421 1701 amns

204 1725 345 1769 terque
365 1724 583 1768 quaterque
604 1718 729 1755 solum
746 1717 1006 1754 scindendum
1027 1717 1247 1768 glaebaque
1263 1720 1380 1756 versis

247 1779 292 1798 ³⁷¹
315 1779 481 1810 tuendum
506 1780 571 1811 ΓΕ.
962 1777 1005 1797 ³⁷4
1028 1789 1149 1819 caprae
1166 1778 1218 1810 M.

247 1822 291 1841 ³⁷⁹
314 1822 511 1853 admorsum
530 1824 577 1853 P:
601 1833 736 1853 amorso
752 1821 809 1852 1111
821 1832 832 1853 .·
856 1831 993 1852 amorsu
1009 1820 1088 1852 M2:
1112 1821 1273 1852 admorsu
1296 1820 1356 1852 Rbl
1368 1830 1380 1853 .·

204 1866 361 1896 admorso
377 1865 433 1904 71?st
445 1878 458 1896 ¹.
960 1863 1005 1883 ³⁸²
1029 1865 1179 1904 ingentis
1196 1864 1279 1896 MP.

1336 918 1382 955 {ss

247 1941 260 1960 ¹
282 1941 354 1972 The
370 1942 445 1971 {wli
459 1951 516 1971 are
533 1942 691 1980 trayedz'es
705 1940 859 1979 (derived
871 1940 959 1971 from
972 1938 1099 1980 τράγος,
1115 1951 1135 1971 a
1146 1940 1253 1982 goat),
1268 1939 1379 1972 which

204 1983 398 2026 originated
415 1984 450 2014 in
467 1984 526 2014 the
543 1983 754 2015 celebration
770 1983 806 2014 of
822 1983 881 2015 the
897 1983 1047 2025 vintage.

206 2045 276 2082 142
