1430 2335
668 102 859 139 VIRGIL

170 184 295 217 staret
315 191 452 228 equus,
473 182 558 214 toto
574 182 793 214 sonuerunt
805 176 969 214 aethere
985 177 1120 213 nimbi.

126 232 151 236 “
171 235 352 282 suspensi
369 231 614 280 Eurypylum
633 233 842 267 scitantem
862 230 1018 266 oracula
1039 230 1188 266 Phoebi

171 289 380 331 mittimus,
394 289 504 334 isque
518 284 648 334 adytis
663 284 761 320 haec
778 286 906 320 tristia
925 284 1032 320 dicta
1045 288 1222 332 reportat
1237 297 1244 321 :
1273 288 1283 319 1
1299 287 1343 320 15

173 344 197 361 “
209 341 402 389 sanguine
419 338 603 388 placastis
619 343 759 374 ventos
779 342 820 374 et
839 339 992 385 virgine
1009 350 1134 382 caesa,

173 407 262 430 cum
283 395 455 442 primum
477 391 627 436 Iliacas,
650 391 791 436 Danai,
813 393 975 427 venistis
994 390 1044 426 ad
1064 403 1173 427 oras:

174 449 365 496 sanguine
385 445 603 496 quaerendi
624 445 775 481 reditus
793 446 1002 493 animaque
1021 444 1217 480 litandum

175 499 401 549 Argolica.’'
444 499 549 547 volgi
570 511 671 548 quae
692 511 765 534 vox
787 503 830 534 ut
850 500 961 534 venit
979 497 1029 533 ad
1048 500 1164 542 ausis,

175 555 404 603 obstipuere
424 555 555 598 animi,
578 551 814 601 gelidusque
834 564 906 600 per
925 554 1002 586 ima
1022 553 1193 586 cucurrit
1275 555 1347 586 190

175 621 261 644 ossa
282 612 444 651 tremor,
465 608 527 642 cui
548 605 628 642 fata
648 610 804 654 parent,
824 618 943 654 quem
963 609 1098 653 poscat
1122 603 1276 652 Apollo.

177 662 242 697 hic
264 661 425 697 Ithacus
447 664 578 695 vatem
598 672 742 708 magno
763 658 978 694 Calchanta
998 658 1172 694 tumultu

177 714 373 764 protrahit
394 716 432 749 in
454 713 629 755 medi053
659 726 759 762 quae
780 715 860 748 sint
881 725 927 748 ea
945 713 1107 747 numina
1128 711 1274 756 divum,

177 768 341 817 flagitat.
393 772 435 803 et
455 766 552 802 mihi
573 769 649 802 iam
668 765 785 801 multi
805 764 967 801 crudele
987 765 1184 801 canebant

178 822 336 858 artificis
356 821 482 857 scelus
503 825 543 856 et
563 822 674 855 taciti
697 824 860 855 ventura
887 818 1086 855 videbant.
1280 822 1349 854 1⁴25

179 877 238 912 bis
257 878 398 925 quinos
417 874 507 910 silet
529 873 595 910 ille
616 873 700 909 dies
720 878 931 921 tectusque
950 876 1107 908 recusat

180 929 348 979 prodere
368 941 464 964 voce
484 941 552 964 sua
572 940 812 976 quemquam
831 930 899 962 aut
919 938 1120 974 opponere
1142 927 1271 961 morti.

180 986 245 1018 vix
264 981 443 1027 tandem,
462 983 617 1028 magnis
638 980 765 1016 Ithaci
785 979 1019 1016 clamoribus
1038 984 1162 1022 actim,

181 1038 400 1085 composito
420 1037 569 1083 rumpit
588 1046 725 1070 vocem
746 1038 787 1070 et
806 1046 870 1069 me
891 1032 1067 1069 destinat
1092 1045 1192 1068 arae.

181 1090 393 1126 adsensere
413 1101 550 1125 omnes
570 1092 624 1132 et,
643 1100 743 1136 quae
763 1087 836 1123 sibi
856 1089 1021 1135 quisque
1041 1086 1221 1130 timebat,
1282 1088 1354 1121 130

183 1146 298 1181 unius
318 1146 357 1179 in
378 1144 508 1179 miseri
530 1143 695 1178 exitium
716 1153 902 1177 conversa
921 1140 1058 1176 tulere.

236 1202 259 1218 “
276 1196 462 1246 ‘Iamque
483 1195 568 1231 dies
587 1194 751 1230 infanda
768 1194 920 1238 aderat,
939 1192 1036 1229 mihi
1055 1205 1161 1229 sacra
1181 1194 1308 1241 parari

183 1256 226 1288 et
245 1251 368 1287 salsae
388 1251 522 1297 fruges
541 1254 583 1285 et
602 1251 749 1284 circum
770 1253 948 1296 tempora
969 1249 1103 1283 vittae.

184 1307 323 1353 eripui,
343 1303 482 1344 fateor,
501 1303 583 1338 leto
603 1315 666 1338 me
687 1306 728 1338 et
748 1300 904 1337 vincula
923 1303 1011 1350 rupi

184 1359 401 1407 limosoque
421 1357 506 1392 lacu
528 1369 599 1405 per
617 1360 776 1391 noctem
797 1354 984 1391 obscurus
1004 1356 1043 1389 in
1065 1353 1154 1389 ulva
1283 1356 1355 1388 135

184 1412 340 1456 delitui,
359 1410 452 1447 dum
474 1409 561 1446 vela
580 1408 735 1453 darent,
755 1411 785 1444 si
805 1407 908 1445 forte
928 1407 1144 1444 dedissent.

185 1479 259 1502 nec
278 1464 375 1500 mihi
395 1467 472 1500 iam
491 1465 658 1512 patriam
678 1465 883 1511 antiquam
903 1474 992 1510 spes
1010 1460 1091 1497 ulla
1111 1459 1273 1496 videndi

185 1532 258 1555 nec
279 1518 405 1555 dulcis
424 1522 538 1553 natos
558 1520 870 1564 exoptatumque
890 1519 1120 1564 parentem3

185 1586 281 1622 quos
301 1572 358 1607 illi
379 1570 458 1607 fors
478 1576 520 1607 et
539 1582 687 1618 poenas
708 1569 758 1605 ob
778 1574 912 1605 nostra
938 1572 1149 1617 reposcent

185 1626 329 1674 effugia
349 1630 389 1662 et
408 1624 564 1673 culpam
584 1623 686 1659 hanc
702 1625 932 1659 miserorum
944 1626 1071 1658 morte
1086 1620 1261 1669 piabunt.
1288 1623 1360 1654 140

185 1679 291 1729 quod
310 1684 351 1716 te
372 1691 442 1727 per
460 1690 623 1726 superos
642 1681 684 1713 et
702 1678 858 1712 conscia
875 1677 1038 1711 numina
1056 1676 1151 1717 veri,

185 1746 256 1781 per
276 1735 306 1769 si
326 1745 402 1781 qua
423 1736 483 1768 est
503 1743 605 1780 quae
626 1735 748 1766 restat
769 1728 899 1765 adhuc
918 1727 1151 1765 mortalibus
1171 1738 1334 1775 usquam

227 1844 271 1864 ¹¹⁴
294 1845 478 1875 scitantem
513 1842 625 1882 Ργ1ὁ1,
667 1841 799 1873 Seri-ins
812 1854 821 1872 :
868 1841 1053 1873 scitantum
1083 1838 1157 1871 Ml:
1202 1839 1360 1869 scitatum

188 1886 287 1927 M²7²,
305 1886 485 1924 Charisius,
503 1886 616 1916 known
633 1890 661 1915 to
679 1885 820 1915 Servius.

228 1930 271 1949 13⁸
297 1930 426 1967 dulcis]
450 1929 599 1967 duplicis
615 1928 670 1967 121,
689 1928 803 1959 known
819 1930 850 1958 to
864 1926 1005 1958 Servius.

227 1973 271 1992 ¹4²
295 1974 400 2004 restet
416 1971 477 2010 M²‚
496 1972 639 2003 Servius.
689 1980 849 2008 umquam
867 1970 913 2001 M.

189 2054 264 2087 302
