1430 2335
691 79 882 115 VIRGIL

200 168 316 205 saepe
336 156 481 192 malum
502 155 575 192 hoc
595 156 720 202 nobis,
741 159 772 192 si
791 169 903 193 mens
923 170 1004 193 non
1024 156 1134 193 laeva
1153 157 1307 202 fuisset,

199 210 249 245 de
270 210 378 245 caclo
398 215 522 246 tactas
541 212 704 245 memini
723 210 951 258 praedicere
971 223 1147 259 quercus.

200 263 268 299 sed
289 268 436 308 tamen,
455 265 530 299 iste
551 262 648 299 deus
668 265 734 312 qui
754 265 817 308 sit,
838 263 899 308 da,
920 263 1070 313 Tityre,
1089 264 1211 301 nobis.

701 344 867 368 TITYRUS

203 402 362 447 Urbem,
384 415 499 451 quam
520 401 659 438 dicunt
682 402 856 446 Romam,
879 402 1090 447 Meliboee,
1111 405 1246 451 putavi

199 456 342 492 stultus
364 468 437 504 ego
458 455 548 490 huic
568 460 725 491 nostrae
746 455 926 501 similem,
948 469 1025 504 quo
1045 469 1162 505 saepe
1184 456 1354 493 solemus

199 514 373 558 pastores
393 511 523 544 ovium
543 513 701 545 teneros
721 508 924 557 depellere
946 508 1060 545 fetus.
1324 511 1370 548 21

200 565 253 598 sic
272 562 433 598 canibus
453 562 602 598 catulos
622 561 770 606 similis,
786 564 839 598 sic
859 563 1049 598 matribus
1069 562 1215 599 haedos

199 629 344 660 noram,
367 617 421 651 sic
440 617 567 664 parvis
587 627 824 663 componere
845 629 987 664 magna
1007 615 1192 653 solebam.

200 682 334 705 verum
354 668 452 704 haec
472 673 628 704 tantum
648 668 742 704 alias
762 671 867 705 inter
887 673 1006 717 caput
1025 669 1170 706 extulit
1190 670 1321 715 urbes,

199 727 389 772 quantum
411 721 520 758 lenta
539 721 669 758 solent
688 724 793 758 inter
812 723 976 758 viburna
996 725 1183 772 cupressi.
1323 725 1371 762 25

687 869 900 894 MELlBOEUS

201 928 252 964 Et
271 940 371 976 quae
392 932 502 963 tanta
521 926 595 964 fuit
619 927 779 963 Romam
799 928 871 964 tibi
893 940 1007 965 causa
1028 927 1213 965 videndi?

704 1040 874 1066 TITYRUS

201 1099 393 1139 Libertas,
413 1111 512 1147 quae
533 1111 618 1134 sera
638 1103 773 1134 tamen
793 1101 968 1147 respexit
987 1101 1171 1144 inertem,

199 1152 400 1188 candidior
420 1157 627 1200 postquam
646 1151 832 1187 tondenti
853 1152 972 1188 barba
992 1152 1171 1197 cadebat,

199 1208 373 1254 respexit
392 1210 526 1241 tamen
548 1210 589 1241 et
608 1204 727 1253 longo
747 1210 835 1253 post
855 1210 1034 1254 tempore
1055 1208 1177 1251 venit,

199 1264 405 1307 postquam
427 1271 496 1294 nos
516 1258 728 1307 Amaryllis
749 1258 882 1303 habet,
904 1259 1070 1295 Galatea
1090 1259 1263 1308 reliquit.
1322 1260 1372 1297 30

199 1325 382 1360 namque,
401 1311 555 1347 fatebor
575 1314 694 1356 enim,
714 1311 809 1347 dum
830 1324 892 1347 me
915 1312 1081 1348 Galatea
1100 1313 1280 1358 tenebat,

199 1379 272 1402 nec
294 1378 381 1413 spes
402 1364 596 1401 libertatis
617 1370 713 1409 erat,
734 1378 807 1401 nec
827 1378 919 1400 cura
938 1365 1078 1414 peculi.

199 1420 374 1467 quamvis
394 1417 519 1454 multa
538 1420 635 1453 meis
656 1420 783 1454 exiret
804 1420 961 1454 victima
981 1421 1139 1467 saeptis,

199 1474 355 1520 pinguis
375 1476 416 1507 et
435 1474 612 1519 ingratae
634 1476 880 1519 premeretur
899 1485 1033 1508 caseus
1054 1473 1153 1517 urbi,

199 1538 278 1561 11011
299 1537 482 1573 umquam
504 1527 630 1572 gravis
646 1537 735 1561 aere
752 1525 912 1561 domum
929 1525 1025 1560 mihi
1046 1525 1185 1562 dextra
1207 1525 1371 1562 redibat.

687 1664 899 1688 MELIBOEUS

201 1721 384 1766 Mirabar,
405 1721 497 1770 quid
520 1726 669 1758 maesta
689 1721 797 1765 deos,
818 1721 1024 1771 Amarylli,
1045 1734 1215 1768 vocares,
1326 1724 1373 1761 36

200 1778 260 1810 cui
282 1775 456 1823 pendere
477 1788 544 1810 sua
566 1777 756 1823 patereris
776 1777 816 1810 in
836 1776 974 1811 arbore
994 1788 1109 1824 poma
1127 1789 1134 1812 ε

198 1827 357 1876 Tityrus
377 1827 468 1863 hinc
487 1829 632 1864 aberat.
691 1831 798 1877 ipsae
818 1833 872 1873 te,
892 1828 1042 1877 Tityre,
1063 1831 1188 1877 pinus,

198 1883 272 1930 ipsi
292 1886 333 1918 te
354 1880 497 1926 fontes,
516 1883 599 1929 ipsa
618 1881 715 1916 haec
736 1882 895 1918 arbusta
914 1882 1115 1918 vocabant.

462 1948 489 1966 ³⁷
515 1950 542 1979 R
557 1950 739 1989 orlyz'nally
753 1950 820 1980 hacc
836 1949 992 1990 malafor
1007 1960 1117 1991 poma.

199 2008 223 2046 4
