1430 2335
572 482 806 530 LIBER
845 482 918 530 IV

146 616 208 651 AT
227 618 368 665 regina
388 618 496 664 gravi
516 615 748 651 iamdudum
768 617 899 652 saucia
918 628 1010 652 cura
1200 626 1331 650 FGMPR

145 676 284 714 volnus
303 677 375 714 alit
395 679 504 713 venis
524 682 566 713 et
586 690 704 713 caeco
723 680 898 726 carpitur
916 679 1010 725 igni.

144 738 271 774 multa
292 741 363 774 viri
383 740 507 774 virtus
526 740 658 774 animo
678 737 905 787 multusque
926 742 1102 774 recursat

146 802 279 848 gentis
299 799 425 836 honos
443 812 451 842 ;
481 799 652 836 haerent
671 799 780 836 infixi
801 805 964 849 pectore
983 799 1115 836 voltus

146 862 357 910 verbaque,
376 874 450 897 nec
471 861 667 910 placidam
686 862 874 917 membg‘s
893 861 963 898 dat
981 874 1073 897 cura
1089 864 1276 910 quietem.
1309 866 1330 898 5

146 928 304 972 postera
326 922 511 959 Phoebea
530 922 726 958 lustrabat
746 922 928 971 lampade
949 927 1072 959 terras

146 989 434 1034 umentemque
454 984 607 1020 Aurora
630 984 720 1033 polo
741 983 961 1021 dimoverat
980 985 1173 1030 umbram,

147 1060 236 1082 cum
256 1049 311 1082 sic
331 1048 559 1082 unanimam
580 1045 808 1094 adloquitur
827 1045 930 1082 male
951 1059 1044 1082 sana
1064 1059 1235 1083 sororem
1254 1061 1261 1084 z

147 1112 171 1129 ’ί
188 1109 306 1143 Anna
325 1120 445 1152 soror,
467 1120 568 1156 quae
590 1120 654 1143 me
675 1120 905 1156 suspensam
925 1110 1118 1144 insomnia
1138 1113 1291 1145 terrent
1309 1108 1316 1144 !

147 1172 233 1219 quis
254 1182 377 1205 novus
397 1168 462 1205 hic
482 1172 628 1205 nostris
647 1171 837 1205 successit
856 1168 1015 1205 sedibus
1036 1169 1191 1218 hospes
1286 1174 1331 1206 10

147 1244 266 1280 quem
288 1243 374 1267 sese
395 1243 461 1266 ore
483 1230 630 1275 ferens,
649 1243 767 1279 quam
787 1229 881 1267 forti
902 1235 1064 1279 pectore
1085 1236 1126 1267 et
1145 1234 1262 1267 armis
1280 1233 1287 1268 ἔ

148 1292 266 1329 credo
285 1292 486 1341 equidem,
506 1304 580 1328 nec
600 1305 699 1327 vana
719 1291 829 1336 fides,
850 1305 976 1341 genus
996 1305 1080 1329 esse
1102 1292 1276 1330 deorum.

148 1354 369 1403 degeneres
388 1356 539 1389 animos
559 1356 678 1389 timor
697 1356 840 1402 arguit.
897 1353 974 1390 heu
994 1354 1002 1390 !
1030 1355 1172 1403 quibus
1192 1355 1259 1391 ille

147 1418 316 1452 iactatus
335 1415 426 1451 fatis
447 1416 452 1439 ¹
509 1428 609 1465 quae
631 1415 735 1451 bella
754 1415 947 1452 exhausta
967 1416 1135 1452 canebat
1154 1418 1160 1453 !

149 1481 179 1514 si
199 1477 297 1513 mihi
316 1491 395 1513 non
416 1479 548 1513 animo
569 1476 689 1513 fixum
710 1479 1000 1526 immotumque
1020 1477 1192 1524 sederet,
1288 1483 1331 1516 15

148 1552 199 1575 ne
219 1542 281 1575 cui
302 1552 365 1576 me
387 1539 518 1575 vinclo
538 1538 683 1575 vellem
704 1541 851 1575 sociare
872 1539 1006 1588 iugali,

148 1607 355 1650 postquam
379 1603 527 1649 primus
547 1613 656 1636 amor
675 1600 888 1648 deceptam
907 1605 1035 1636 morte
1057 1600 1202 1638 fefellit
1220 1632 1224 1636 .

149 1665 180 1698 si
199 1676 276 1698 non
299 1667 525 1711 pertaesum
544 1661 710 1698 thalami
729 1661 950 1711 taedaeque
970 1661 1122 1708 fuisset,

150 1724 240 1760 huie
263 1727 328 1759 uni
349 1723 479 1760 forsan
500 1726 613 1773 potui
636 1724 894 1760 succumbere
914 1723 1067 1772 culpae.

149 1786 279 1830 Anna,
300 1785 455 1821 fatebor
476 1788 596 1830 enim,
616 1787 748 1821 miseri
771 1790 861 1834 post
881 1785 963 1821 fata
984 1785 1152 1835 Sychaei
1284 1791 1332 1823 ’ΞΟ

149 1849 327 1896 coniugis
348 1852 389 1883 et
409 1859 561 1896 sparsos
582 1846 759 1883 fraterna
779 1846 901 1883 caede
924 1847 1082 1884 Penatis

148 1911 253 1948 solus
274 1910 337 1946 hic
358 1911 512 1947 inflexit
532 1924 668 1948 sensus
688 1913 941 1960 animumque
962 1910 1164 1948 labantem

382 1975 394 1991 ‘³
418 1984 580 2012 suspensa
597 1975 661 2005 Ml.
710 1978 813 2005 terret
831 1975 944 2005 known
960 1979 990 2005 to
1006 1974 1148 2006 Servius.

365 2016 392 2036 ¹¹
416 2017 534 2056 quam]
550 2027 648 2054 quem
668 2015 721 2048 Fl.

364 2060 390 2078 ¹⁸
415 2061 557 2090 fuissent
575 2059 716 2090 F2Jll'1.

149 2102 224 2145 396
