1430 2335
689 100 881 137 VIRGIL

190 177 263 213 hac
286 176 476 225 Phryges,
495 178 663 212 instaret
682 189 795 212 curru
816 178 1000 213 cristatus
1020 175 1210 212 Achilles.

190 251 265 274 nec
286 238 421 287 procul
442 237 534 273 hinc
557 237 678 273 Rhesi
697 240 822 274 niveis
842 240 1016 274 tentoria
1034 237 1133 274 velis

189 299 399 348 adgnoscit
417 298 642 342 lacrimans,
663 301 789 347 primo
808 311 910 348 quae
925 298 1084 348 prodita
1101 311 1239 335 somno
1294 300 1370 337 470

191 360 367 409 Tydides
385 359 514 396 multa
534 360 712 396 vastabat
731 358 853 396 caede
873 365 1074 406 cruentus,

190 421 448 471 ardentisque
467 423 615 458 avertit
634 434 755 470 equos
774 423 816 457 in
834 426 975 467 castra,
995 424 1102 471 prius
1121 435 1239 471 quam

191 483 337 532 pabula
355 487 585 532 gustassent
604 483 746 520 Troiae
765 482 1052 533 Xanthumque
1072 483 1278 520 bibissent.

192 550 306 594 parte
325 545 402 580 alia
421 543 580 594 fugiens
600 547 751 581 amissis
771 543 926 582 Troilus
942 547 1073 590 armis,

192 606 333 644 infelix
353 619 452 656 puer
470 611 592 655 atque
612 608 740 655 impar
760 619 996 656 congressus
1016 606 1178 652 Achilli,
1293 607 1370 644 475

192 668 321 705 fertur
340 670 452 717 equis
471 680 667 717 curruque
689 667 827 705 haeret
848 671 1055 717 resupinus
1074 671 1195 713 inani,

193 729 427 766 loratenens
435 736 591 773 tamen3
606 730 695 765 huic
709 733 921 779 cervixque
935 742 1151 779 comaeque
1160 728 1373 766 trahuntur

192 804 264 841 per
282 797 430 828 terram
451 796 493 827 et
512 804 623 828 versa
642 791 771 840 pulvis
790 792 1019 828 inscribitur
1038 791 1164 828 hasta.

192 856 348 890 interea
366 852 416 889 ad
436 853 633 902 templum
652 866 732 889 non
751 865 901 902 aequae
924 851 1094 889 Palladis
1112 852 1225 889 ibant

193 916 367 951 crinibus
391 914 536 950 Iliades
556 917 678 963 passis
698 914 941 964 peplumque
962 914 1160 959 ferebant,
1294 919 1371 951 480

192 976 426 1025 suppliciter
443 979 578 1012 tristes
597 981 638 1012 et
658 981 800 1012 tunsae
820 981 980 1025 pectora
999 975 1164 1025 palmis3

192 1038 284 1074 diva
305 1038 387 1074 solo
407 1037 502 1073 fixos
522 1038 656 1073 oculos
675 1050 812 1074 aversa
831 1038 1009 1074 tenebat.

193 1105 255 1136 ter
274 1102 420 1135 circum
441 1098 580 1135 Iliacos
599 1104 826 1148 raptaverat
847 1099 1025 1136 Hectora
1044 1111 1176 1136 muros

193 1164 500 1210 exanimumque
520 1174 614 1197 auro
635 1174 775 1210 corpus
794 1161 998 1198 vendebat
1018 1160 1206 1198 Achilles.

193 1225 278 1257 tum
294 1233 387 1256 vero
402 1222 608 1269 ingentem
630 1222 827 1269 gemitum
843 1220 913 1256 dat
931 1225 1094 1269 pectore
1110 1220 1159 1255 ab
1174 1222 1265 1263 imo,
1295 1222 1369 1256 485

195 1287 238 1318 ut
259 1282 396 1330 spolia,
418 1286 463 1317 ut
483 1294 630 1327 currus,
650 1287 774 1331 utque
794 1284 923 1331 ipsum
942 1294 1083 1331 corpus
1103 1283 1219 1317 amici

191 1343 513 1391 tendentemque
533 1355 672 1378 manus
695 1342 894 1378 Priamum
916 1345 1124 1391 conspexit
1144 1344 1316 1379 inermis.

191 1418 232 1441 se
253 1417 409 1454 quoque
431 1404 674 1453 principibus
695 1407 932 1452 permixtum
955 1404 1147 1453 adgnovit
1167 1403 1340 1449 Achivis,

193 1465 372 1515 ansque
393 1468 497 1501 acies
518 1471 559 1501 et
580 1468 682 1514 nigri
705 1466 930 1502 Memnonis
949 1478 1070 1504 arma,

192 1527 305 1563 ducit
326 1526 616 1562 Amazonidum
634 1526 785 1563 lunatis
804 1529 962 1576 agmina
981 1526 1102 1575 peltis
1293 1529 1369 1568 490

194 1588 451 1625 Penthesilea
469 1587 606 1624 furens
625 1588 848 1637 mediisque
868 1591 909 1624 in
929 1588 1090 1624 milibus
1110 1587 1236 1632 ardet,

190 1663 308 1687 aurea
330 1651 574 1687 subnectens
594 1655 775 1686 exsertae
796 1649 955 1699 cingula
976 1662 1182 1695 mammae,

190 1712 390 1757 bellatrix,
410 1711 612 1760 audetque
633 1713 725 1747 viris
745 1724 981 1748 concurrere
999 1714 1120 1760 virgo.

247 1774 360 1809 Haec
381 1772 476 1809 dum
497 1773 702 1809 Dardanio
721 1774 885 1810 Aeneae
905 1772 1084 1809 miranda
1104 1772 1305 1817 videntur,

190 1835 284 1871 dum
306 1839 442 1883 stupet
460 1834 684 1884 obtutuque
704 1834 845 1871 haeret
864 1834 1015 1871 defixus
1034 1837 1075 1870 in
1097 1847 1187 1878 uno,
1291 1838 1366 1876 495

188 1900 327 1944 regina
346 1896 396 1932 ad
415 1896 628 1944 templum,
646 1896 772 1932 forma
791 1895 1058 1945 pulcherrima
1079 1895 1198 1941 Dido,

235 1966 279 1982 *θ’
304 1975 363 1996 nec
382 1963 516 1995 MRF2:
544 1968 577 1995 et
594 1964 658 1995 Pl:
685 1965 773 1995 haud
792 1963 849 1995 ΡΖ.

237 2007 283 2026 ⁴⁸³
306 2008 476 2047 adgnovit
491 2008 561 2038 MP
574 2020 584 2040 .·
607 2010 747 2047 agnovit
763 2008 825 2048 7b:
847 2008 1027 2048 adgnoscit
1042 2007 1089 2039 F:
1111 2008 1265 2048 agnoscit
1280 2008 1319 2039 R.

189 2053 264 2089 274
