1430 2335
707 92 900 129 VIRGIL

219 173 262 205 et
280 167 407 204 multo
426 167 596 204 nebulae
615 169 762 204 circum
782 167 858 203 dea
876 167 982 204 fudit
999 169 1163 212 amictu,

219 233 383 257 cernere
402 233 454 256 ne
475 223 562 270 quis
583 233 649 257 eos
668 233 747 258 neu
766 223 853 270 quis
873 222 1109 269 contingere
1127 225 1264 269 posset

219 274 399 310 molir1ve
418 286 567 309 moram
588 278 657 309 aut
676 273 862 310 veniendi
882 286 1044 323 poscere
1063 287 1208 309 causas.

218 330 302 376 ipsa
325 326 501 376 Paphum
522 327 700 363 sublimis
718 327 801 363 abit
819 327 1012 376 sedesque
1031 329 1167 364 revisit
1316 330 1392 363 415

218 381 322 417 laeta
341 393 440 424 suas,
462 380 529 416 ubi
546 379 744 429 templum
763 379 822 416 illi
841 385 1083 430 centumque
1103 379 1252 416 Sabaeo

219 439 307 470 ture
327 434 459 470 calent
478 446 568 470 arae
588 436 779 483 sertisque
799 434 1024 470 recentibus
1044 432 1190 469 halant.

272 487 504 536 Corripuere
525 489 627 523 viam
648 490 813 532 interea,
833 500 910 537 qua
929 489 1070 523 semita
1088 491 1294 523 monstrat.

219 543 378 590 iamque
397 540 669 577 ascendebant
689 540 846 584 collem,
868 543 935 590 qui
953 539 1144 590 plurimus
1165 540 1252 575 urbi
1290 551 1394 576 FMPR

218 596 404 631 imminet
422 594 684 643 adversasque
707 598 887 643 aspectat
907 594 1078 643 desuper
1094 605 1215 629 arces.
1316 597 1393 629 420

219 650 382 683 miratur
399 648 546 683 molem
567 648 737 691 Aeneas,
757 647 925 696 magalia
944 646 1158 696 quondam,

218 704 384 737 miratur
403 706 536 750 portas
556 703 848 750 strepitumque
869 706 911 737 et
930 706 1053 737 strata
1071 702 1233 737 viarum.

219 757 371 791 instant
389 754 576 791 ardentes
594 754 715 803 Tyrii,
734 767 823 803 pars
842 754 989 790 ducere
1008 767 1139 790 muros

219 808 427 858 molirique
446 821 578 844 arcem
597 813 640 845 et
657 808 838 843 manibus
856 807 1088 844 subvolvere
1106 818 1210 850 saxa,

219 874 307 910 pars
327 867 465 910 optare
485 861 615 898 locum
634 866 743 897 tecto
763 866 806 897 et
824 860 1064 897 concludere
1085 860 1216 903 sul<o3
1315 863 1391 897 425

218 918 301 951 iura
320 918 653 964 magistratusque
672 914 814 963 legunt
831 919 1093 964 sanctumque
1110 918 1291 951 senatum
1307 925 1316 956 3

219 968 283 1005 hic
304 974 439 1017 portus
458 968 524 1004 alii
545 968 749 1013 etlodiunt,
770 967 834 1004 hic
852 968 934 1004 alta
952 968 1101 1004 theatri

218 1022 480 1058 fundamenta
499 1022 632 1058 locant
648 1021 728 1066 alii,
748 1024 1008 1071 immanisque
1028 1022 1230 1057 columnas

218 1076 380 1124 rupibus
399 1075 601 1119 excidunt,
621 1077 772 1112 scaenis
790 1074 934 1111 decora
950 1074 1030 1111 alta
1049 1073 1205 1111 futuris.

218 1129 343 1178 qualis
361 1142 455 1178 apes
472 1134 625 1165 aestate
643 1141 746 1164 nova
764 1141 836 1177 per
853 1127 972 1164 florea
990 1141 1080 1165 rura
1316 1128 1392 1162 430

218 1188 380 1219 exercet
398 1183 471 1219 sub
489 1183 571 1219 sole
591 1182 713 1227 labor,
732 1195 820 1218 curn
841 1184 974 1230 gentis
991 1181 1149 1218 adultos

217 1236 395 1273 educunt
413 1236 532 1281 fetus,
550 1241 619 1272 aut
638 1249 727 1272 cum
747 1235 941 1285 liquentia
959 1235 1079 1271 mella

218 1292 368 1337 stipant
388 1295 430 1326 et
448 1290 554 1325 dulci
574 1289 813 1325 distendunt
832 1294 994 1325 nectare
1013 1289 1146 1334 cellas,

217 1349 286 1379 aut
306 1356 426 1380 onera
444 1345 645 1391 accipiunt
664 1345 910 1387 venientum,
929 1347 998 1379 aut
1022 1344 1183 1392 agmine
1203 1340 1311 1378 facto

216 1399 403 1445 ignavum
422 1396 532 1433 fucos
552 1409 671 1445 pecus
690 1409 713 1432 a
730 1396 985 1445 praesepibus
1002 1400 1164 1439 arcent;
1314 1400 1389 1432 435

216 1450 346 1487 fervet
364 1463 461 1499 opus
480 1450 745 1498 redolentque
764 1450 902 1498 thymo
921 1449 1137 1498 fragrantia
1154 1448 1284 1485 mella.

218 1508 242 1524 “
254 1517 276 1540 o
296 1504 500 1549 fortunati,
519 1516 686 1553 quorum
703 1505 782 1539 iam
800 1505 959 1539 moenia
977 1502 1202 1552 surgunt!”

216 1557 375 1594 Aeneas
393 1560 449 1594 ait
468 1562 510 1594 et
528 1557 688 1605 fastigia
705 1558 872 1605 suspicit
890 1557 1009 1592 urbis.

216 1610 339 1647 infert
357 1624 399 1648 se
418 1615 578 1659 saeptus
597 1610 743 1646 nebula
761 1610 957 1658 (mirabile
975 1607 1104 1659 dictu)

216 1676 288 1712 per
305 1664 456 1701 medios
475 1666 695 1712 miscetque
714 1665 804 1699 viris
823 1676 954 1712 neque
973 1666 1149 1699 cernitur
1168 1661 1250 1699 ulli.
1316 1667 1391 1698 440

272 1717 401 1754 Lucus
419 1720 460 1753 in
481 1718 579 1753 urbe
600 1717 676 1753 fuit
693 1716 837 1761 media,
858 1717 1095 1753 laetissimus
1114 1716 1290 1760 umbrae,

216 1783 293 1819 quo
314 1774 483 1820 primum
502 1773 638 1807 iactati
657 1770 773 1806 undis
793 1775 835 1806 et
853 1771 1012 1806 turbine
1033 1769 1156 1806 Poeni

260 1833 302 1852 ⁴¹²
327 1835 472 1864 multum
492 1834 530 1864 G.
826 1831 873 1850 ⁴¹³
898 1832 978 1872 neu]
996 1842 1037 1863 ne
1051 1831 1106 1863 P².
1151 1832 1259 1870 possit
1277 1832 1344 1863 GR.

261 1875 306 1894 4²⁰
331 1881 486 1915 >pectant
503 1875 562 1907 Fl:
588 1876 789 1914 adspectant
804 1876 861 1906 F2.
1090 1872 1137 1893 ¹²⁵
1160 1878 1276 1913 aptare
1291 1875 1345 1906 ΕΙ.

262 1918 304 1937 ⁴²⁷
331 1920 416 1959 alta]
433 1920 501 1949 lata
516 1919 554 1950 F.
601 1919 726 1949 theatri
742 1918 835 1955 MP2,
853 1918 1007 1950 Servius:
1034 1918 1179 1949 theatris
1194 1918 1306 1949 FPlJe.

263 1960 307 1980 ⁴²³
332 1963 461 2002 locant]
475 1965 597 2000 petunt
613 1961 649 1992 F.
827 1959 875 1979 ⁴²³³
899 1961 1009 1992 dulcis
1025 1959 1080 1991 Pl.

261 2003 305 2023 ⁴¹⁴¹
331 2005 467 2035 umbrae
479 2004 529 2034 F1.
542 2004 683 2035 Probus:
697 2005 813 2035 umbra
824 2003 992 2042 F2MPR;
1004 2004 1073 2034 both
1084 2003 1198 2034 ltnow‘n
1207 2007 1237 2034 to
1245 2003 1387 2035 Servius.

217 2059 293 2095 QTO
