1430 2335
656 76 850 113 VIRGIL

162 166 400 203 exsequerer
419 158 693 202 strueremque
713 155 791 189 suis
810 152 948 188 altaria
966 150 1092 188 donis.

162 220 268 242 nunc
290 207 395 243 ultro
414 207 464 242 ad
485 209 637 243 cineres
657 209 778 255 ipsius
798 210 840 243 et
859 218 945 242 ossa
963 206 1139 253 parentis
1289 207 1338 240 55

162 259 286 309 (haud
307 260 492 309 equidem
512 262 597 296 sine
616 265 766 305 mente,
784 271 884 304 reor,
899 261 984 295 sine
1003 260 1166 294 numine
1186 256 1340 308 divum)

162 312 348 349 adsumus
368 318 411 349 et
430 318 566 362 portus
586 312 708 349 delati
728 315 918 349 intramus
937 314 1093 349 amicos.

164 379 259 415 ergo
278 369 386 415 agite
406 371 447 402 et
467 366 614 402 laetum
636 368 769 402 cuncti
789 365 1034 402 celebremus
1052 364 1242 401 honorem
1260 375 1269 408 ;

164 432 369 468 poscamus
388 424 541 464 ventos,
560 424 680 468 atque
701 420 798 455 haec
816 432 880 455 me
900 431 1007 454 sacra
1025 420 1237 468 quotannis

164 473 263 509 urbe
282 472 380 509 velit
399 475 527 521 posita
547 473 706 521 templis
726 473 799 508 sibi
820 473 922 508 ferre
942 471 1094 510 dicatis.
1290 468 1342 506 60

165 526 258 561 bina
276 526 395 561 boum
415 526 526 562 vobis
545 525 659 562 Troia
678 531 891 575 generatus
911 525 1078 562 Acestes

164 579 236 615 dat
252 592 418 615 numero
438 581 567 627 capita
585 581 626 615 in
646 581 778 622 navis3
805 578 995 615 adhibete
1019 579 1177 616 Penatis

165 638 208 669 et
228 635 375 680 patrios
395 632 521 681 epulis
541 637 582 668 et
601 645 698 681 quos
717 633 812 668 colit
829 632 972 680 hospes
992 632 1170 669 Acestes.

166 690 384 735 praeterea,
405 688 435 722 si
454 699 557 722 nona
576 685 682 722 diem
702 685 933 721 mortalibus
950 685 1098 722 almum

166 740 320 775 Aurora
339 739 528 776 extulerit
547 739 742 787 radiisque
761 741 953 776 retexerit
971 739 1120 784 orbem,
1295 736 1344 775 65

124 805 129 807 ’
166 795 293 841 prima
312 795 413 829 citae
433 792 594 829 Teucris
615 806 758 841 ponam
777 795 993 829 certamina
1011 792 1162 836 classis;

167 849 314 895 quique
335 846 482 893 pedum
503 858 616 881 cursu
638 846 754 890 valet,
776 850 817 882 et
836 848 902 895 qui
923 847 1068 882 viribus
1085 845 1213 882 audax

167 904 237 935 aut
255 899 381 935 iaculo
395 899 546 935 incedit
564 899 704 935 melior
719 900 947 948 levibusque
967 902 1134 948 sagittis,

169 966 238 988 seu
259 952 379 988 crudo
398 952 486 988 fidit
505 966 679 1001 pugnam
699 955 949 989 committere
968 958 1117 998 caestu,

169 1008 303 1041 cuncti
314 1005 446 1041 adsint
464 1008 710 1054 meritaeque
730 1010 967 1055 exspectent
986 1008 1159 1056 praemia
1179 1004 1344 1055 palmae.

169 1072 236 1095 ore
257 1058 388 1095 favete
407 1072 544 1095 omnes
564 1065 605 1095 et
626 1062 776 1108 cingite
796 1065 977 1108 tempora
995 1059 1150 1096 ramis.'’
1296 1061 1341 1094 71

222 1112 287 1148 Sic
306 1112 410 1148 fatus
432 1112 537 1148 velat
556 1118 736 1148 materna
756 1118 935 1161 tempora
954 1118 1096 1162 myrto.

171 1165 245 1201 hoc
268 1166 464 1214 Helymus
486 1165 592 1210 facit,
613 1165 686 1201 hoc
706 1169 791 1202 aevi
810 1171 988 1202 maturus
1008 1166 1188 1211 Acestes,
1243 1176 1349 1202 Mpnv

170 1218 244 1254 hoc
265 1232 362 1267 puer
380 1219 585 1263 Ascanius,
604 1222 782 1268 sequitur
800 1233 896 1268 quos
915 1224 1048 1256 cetera
1066 1220 1203 1269 pubes.

169 1271 237 1308 ille
254 1284 275 1308 e
295 1272 463 1308 concilio
482 1272 618 1308 multis
637 1286 726 1308 cum
745 1273 903 1309 milibus
922 1274 1006 1309 ibat
1300 1274 1347 1309 75

171 1325 220 1360 ad
241 1326 454 1370 tumulum,
473 1339 617 1374 magna
635 1326 790 1362 medius
811 1329 1027 1362 comitante
1047 1331 1216 1363 caterva.

169 1378 235 1413 hic
255 1378 334 1414 duo
352 1382 428 1414 rite
448 1391 557 1414 mero
576 1379 704 1415 libans
723 1379 923 1415 carchesia
944 1379 1096 1415 Baccho

171 1431 304 1467 fundit
323 1431 446 1476 humi,
461 1432 539 1468 duo
558 1431 661 1468 lacte
681 1445 795 1477 novo,
814 1432 892 1468 duo
911 1435 1102 1481 sanguine
1122 1444 1243 1477 sacro,

172 1497 469 1534 purpureosque
488 1487 582 1521 iacit
600 1485 712 1522 flores
730 1499 774 1521 ac
794 1486 889 1522 talia
907 1486 1034 1522 fatur:

171 1541 196 1558 “
212 1538 330 1582 salve,
351 1543 487 1574 sancte
508 1551 663 1586 pareus5
683 1542 828 1575 iterum
846 1551 855 1583 3
884 1539 1048 1585 salvete,
1066 1541 1218 1587 recepti
1301 1543 1350 1576 80

170 1594 411 1641 nequiquam
432 1594 584 1627 cineres
603 1595 837 1642 animaeque
858 1593 1099 1642 umbraeque
1120 1598 1321 1641 paternae.

171 1657 252 1680 non
272 1644 384 1680 licuit
403 1644 489 1680 finis
510 1644 631 1682 Italos
650 1645 863 1695 fataliaque
882 1659 974 1682 arva

172 1710 247 1734 nee
284 1702 417 1734 tecum
451 1699 684 1744 Ausonium,
721 1701 960 1749 quicumque
998 1703 1072 1744 est,
1109 1712 1298 1748 quaerere

276 1749 507 1800 Thybrim.’'

172 1802 328 1840 dixerat
350 1804 459 1848 llaec,
479 1804 608 1853 adytis
628 1818 717 1841 curn
737 1805 909 1842 lubricus
929 1807 1070 1853 anguis
1089 1805 1139 1840 ab
1159 1807 1246 1841 imis

171 1861 327 1906 septem
346 1859 488 1906 ingens
507 1871 637 1907 gyros,
657 1864 825 1907 septena
844 1859 1042 1895 volumina
1060 1861 1194 1904 traxit,
1304 1862 1352 1895 85

619 1948 647 1968 ⁶³
670 1949 843 1980 levibusve
862 1951 888 1979 l:

174 2015 253 2048 450
