1430 2335
629 382 859 429 LIBER
895 382 951 428 ΙΙ

205 516 423 552 HACTENUS
443 527 625 551 arvorum
646 514 777 550 cultus
798 519 839 550 et
859 513 988 550 sidera
1009 511 1132 549 caeli:
1357 522 1385 547 M

205 591 309 614 nune
328 582 385 623 te,
407 576 575 619 Bacche,
596 589 747 619 canam,
768 588 842 611 nec
863 588 942 611 non
960 575 1153 612 silvestria
1173 578 1307 610 tecum

204 639 376 688 virgulta
397 643 438 675 et
458 637 612 687 prolem
632 636 745 672 tarde
767 639 980 673 crescentis
1000 635 1137 673 olivae.

204 700 296 744 huc,
316 705 430 749 pater
445 712 467 734 0
489 699 647 735 Lenaee
668 697 765 748 (tuis
785 696 850 733 hic
870 699 1002 733 omnia
1021 697 1140 746 plena

206 761 451 804 muneribus,
473 761 545 796 tibi
565 762 781 809 pampineo
802 758 987 809 gravidus
1007 763 1200 794 autumno
1363 759 1385 792 5

205 822 319 859 floret
338 835 452 871 ager,
474 826 641 871 spumat
658 820 790 870 plenis
810 820 1012 857 vindemia
1032 818 1182 870 labris),

206 883 296 927 huc,
318 888 432 932 pater
455 896 477 918 0
500 882 673 928 Lenaee,
693 884 781 918 veni
803 880 1031 931 nudataque
1052 886 1183 916 musto

207 948 346 992 tingue
367 957 469 980 novo
490 956 646 980 mecum
667 942 844 992 dereptis
865 955 975 978 crura
995 941 1207 978 cothurnis.

262 1007 458 1055 Principio
478 1005 682 1041 arboribus
702 1006 806 1040 varia
827 1008 889 1041 est
908 1008 1048 1040 natura
1068 1003 1261 1040 creandis.

208 1082 377 1117 namque
398 1067 499 1103 aliae
519 1067 636 1102 nullis
657 1065 862 1102 hominum
884 1065 1116 1114 cogentibus
1136 1067 1243 1114 ipsae
1342 1068 1386 1099 lO

208 1135 350 1179 sponte
371 1143 438 1165 sua
461 1130 628 1165 veniunt
647 1140 886 1177 camposque
907 1131 948 1163 et
968 1126 1127 1162 flumina
1148 1127 1228 1162 late

208 1203 325 1226 curva
346 1194 501 1233 tenent,
524 1194 569 1225 ut
588 1188 707 1225 molle
728 1188 820 1225 siler
836 1189 1049 1238 lentaeque
1069 1191 1262 1237 genlstae,

208 1252 374 1301 populus
395 1257 436 1288 et
456 1251 595 1300 glauca
615 1252 800 1287 canentia
817 1249 959 1286 fronde
980 1249 1141 1293 salicta3

209 1326 298 1361 pars
316 1318 451 1349 autem
472 1314 601 1360 posito
616 1316 784 1360 surgunt
804 1311 853 1347 de
875 1313 1040 1353 semine,
1062 1315 1104 1346 ut
1123 1311 1226 1346 ait-ae

209 1379 429 1416 castaneae,
451 1385 738 1421 nemorumque
760 1371 843 1408 Iovi
859 1385 959 1421 quae
973 1374 1141 1407 maxima
1156 1371 1315 1407 frondet
1341 1375 1384 1407 15

207 1435 398 1479 aesculus,
419 1439 539 1483 atque
559 1433 720 1470 habitae
742 1433 856 1470 Grais
875 1433 1029 1469 oracula
1050 1446 1226 1482 quercus.

208 1495 379 1545 pullulat
399 1496 447 1531 ab
467 1495 599 1531 radice
620 1495 706 1531 aliis
726 1495 957 1531 densissima
977 1494 1087 1539 silva,

209 1562 254 1593 ut
275 1559 415 1593 cerasis
437 1557 632 1606 ulmisque
651 1569 659 1599 3
688 1558 809 1592 etiam
834 1555 1015 1591 Parnasia
1036 1556 1165 1592 laurus

209 1632 326 1667 parva
346 1619 418 1654 sub
437 1620 593 1666 ingenti
614 1620 751 1653 matris
770 1630 810 1653 se
831 1618 975 1653 subicit
996 1618 1142 1653 umbra.

209 1679 280 1715 hos
301 1685 442 1715 natura
461 1679 600 1715 modos
621 1682 792 1728 primum
814 1679 941 1721 dedit,
963 1678 1022 1715 his
1042 1691 1169 1728 genus
1189 1692 1306 1715 omne
1337 1683 1385 1714 ‘20

208 1741 389 1776 sil-»arum
411 1740 677 1790 fruticumque
698 1742 800 1776 viret
818 1753 1105 1790 nemorumque
1125 1753 1331 1777 sacrorum.

263 1802 366 1838 Sunt
386 1801 464 1844 alii,
485 1815 582 1850 quos
602 1803 686 1851 ipse
707 1804 769 1837 via
789 1802 861 1837 sibi
881 1804 1060 1851 repperit
1081 1814 1183 1838 uSUS.

208 1864 272 1901 hic
294 1865 448 1914 plantas
471 1870 608 1901 tenero
628 1865 867 1902 abscindens
882 1864 933 1902 de
953 1878 1114 1915 corpore.
1135 1869 1306 1900 matrum

338 1927 365 1945 ¹⁹
391 1929 520 1967 subigit
539 1929 585 1958 M.

337 1969 367 1988 ²²
391 1971 455 2002 alic
472 1981 556 2007 quos
574 1970 629 2000 illl
649 1983 655 2002 :
680 1972 766 2002 aliae
783 1981 866 2009 quas
883 1969 959 2002 M2:
984 1971 1042 2002 alii
1058 1981 1143 2009 quos
1159 1971 1224 2002 ahc.

212 2013 283 2050 116
