1430 2335
672 92 865 130 VIRGIL

181 184 276 220 ergo
289 171 429 219 apibus
449 169 539 206 fetis
560 169 667 206 idem
685 174 805 218 atque
826 170 1006 207 examine
1024 170 1151 206 multo

181 227 328 272 primus
347 223 548 259 abundare
570 228 610 258 et
630 225 852 271 spumantia
872 235 1013 272 cogere
1032 225 1175 272 pressis
1286 222 1360 258 140

181 277 299 312 mella
317 276 436 320 favis3
465 275 522 311 illi
544 275 650 312 tiliae
669 280 788 325 atque
808 275 1003 312 uberrima
1023 278 1142 320 tinus,

182 334 355 378 quotque
375 331 416 364 in
434 328 527 365 flore
548 341 648 364 novo
668 330 793 377 pomis
813 341 854 364 se
874 328 1016 366 fertilis
1030 329 1143 365 arbos

182 382 377 426 induerat,
398 381 568 419 totidem
587 386 776 418 autumno
795 386 948 419 matura
967 382 1144 421 tenebat.

182 435 249 471 ille
270 438 390 471 etiam
408 448 511 472 seras
532 437 572 470 in
593 447 748 471 versum
769 433 925 471 distulit
943 435 1070 472 ulmos

182 488 424 539 eduramque
444 491 573 537 pirum
589 492 630 524 et
649 490 781 538 spinos
795 490 872 524 iam
890 501 1017 537 pruna
1035 487 1199 525 ferentis
1288 491 1360 523 145

181 544 336 592 iamque
356 543 646 579 ministrantem
665 541 869 590 platanum
888 541 1116 590 potantibus
1136 540 1301 577 umbras,

183 608 318 631 verum
338 595 437 631 haec
455 596 539 644 ipse
559 594 745 644 equidem
765 596 901 643 spatiis
922 595 1102 630 exclusus
1121 596 1265 643 iniquis

181 653 388 697 praetereo
407 653 528 697 atque
546 647 634 684 aliis
654 652 743 697 post
761 660 825 683 me
845 647 1099 684 memoranda
1114 647 1302 695 relinquo.

237 701 354 737 Nunc
372 713 461 750 age,
481 706 640 736 naturas
659 700 798 749 apibus
818 713 912 749 quas
935 700 1116 750 Iuppiter
1135 701 1218 749 ipse

181 753 339 790 addidit
358 754 581 803 expediam,
602 767 672 803 pro
693 766 767 803 qua
788 754 972 790 mercede
993 765 1153 790 canoros
1288 756 1361 788 150

184 808 372 843 Curetum
388 811 538 844 sonitus
559 809 872 856 crepitantiaque
891 819 980 843 aera
998 810 1156 843 secutae

183 860 351 897 Dictaeo
372 860 470 897 caeli
485 873 620 909 regem
640 873 784 909 pavere
804 859 875 896 sub
893 864 1018 897 antro.

182 914 286 950 solae
307 915 524 950 communis
543 918 668 956 natos,
689 915 884 949 consortia
902 917 1009 950 tecta
1286 923 1363 947 FMP

184 967 289 1003 urbis
309 966 473 1010 habent,
492 968 725 1016 magnisque
744 968 900 1015 agitant
918 965 990 1002 sub
1010 965 1164 1015 legibus
1178 978 1332 1007 aevum,

183 1025 226 1056 et
245 1022 412 1069 patriam
433 1019 537 1056 solae
558 1024 600 1054 et
620 1024 747 1055 certos
768 1031 911 1055 novere
927 1021 1094 1068 penatis,
1290 1020 1360 1054 155

182 1077 450 1121 venturaeque
466 1071 606 1108 hiemis
626 1084 818 1109 memores
837 1073 988 1109 aestate
1007 1071 1183 1108 laborem

184 1128 445 1174 experiuntur
464 1130 507 1162 et
526 1127 563 1161 in
586 1125 762 1161 medium
781 1127 958 1174 quaesita
977 1130 1186 1175 reponunt.

183 1191 354 1229 namque
374 1179 474 1215 aliae
493 1180 599 1215 victu
620 1178 829 1227 invigilant
849 1183 891 1214 et
910 1178 1071 1214 foedere
1091 1183 1208 1226 pacto

183 1237 418 1269 exercentur
436 1234 540 1281 agris
556 1243 566 1275 ;
594 1244 682 1281 pars
702 1234 806 1267 intra
825 1237 961 1281 saepta
980 1230 1187 1267 domorum

183 1287 343 1322 narcissi
363 1285 562 1322 lacrimam
583 1289 625 1321 et
645 1284 797 1320 lentum
818 1284 870 1320 de
891 1287 1034 1321 cortice
1053 1284 1193 1333 gluten
1289 1281 1362 1321 160

183 1341 309 1388 prima
328 1338 425 1374 favis
445 1343 598 1387 ponunt
616 1337 858 1380 fundamina,
880 1337 1028 1373 deinde
1047 1339 1197 1373 tenacis

184 1391 432 1440 suspendunt
451 1403 581 1435 ceras;
609 1391 708 1427 aliae
728 1403 838 1439 spem
859 1392 990 1440 gentis
1008 1389 1165 1426 adultos

184 1445 362 1481 educunt
381 1444 507 1488 fetus;
537 1444 636 1480 aliae
656 1446 862 1494 purissima
882 1443 1002 1479 mella

184 1501 335 1547 stipant
354 1502 396 1533 et
409 1496 560 1546 liquido
579 1496 816 1533 distendunt
835 1502 994 1532 nectare
1014 1496 1156 1541 cellas3

185 1556 277 1587 sunt
290 1551 432 1600 quibus
451 1550 500 1586 ad
523 1555 653 1600 portas
673 1549 817 1586 cecidit
837 1549 1014 1586 custodia
1032 1551 1140 1593 sorti,
1290 1548 1360 1588 165

186 1606 304 1654 inque
325 1606 450 1640 vicem
470 1603 724 1653 speculantur
741 1615 861 1652 aquas
881 1607 923 1638 et
942 1602 1077 1638 nubila
1094 1603 1205 1648 caeli,

184 1662 251 1692 aut
271 1669 391 1693 onera
410 1659 611 1705 accipiunt
630 1658 876 1701 venientum,
894 1660 964 1691 aut
982 1657 1141 1705 agmine
1162 1655 1266 1692 facto

228 1718 271 1737 ¹²³⁹
296 1719 455 1757 idemque
470 1720 511 1750 P.

232 1762 274 1780 1⁴²¹
297 1763 370 1794 illic
385 1763 424 1795 P.
451 1763 526 1794 tilia
542 1762 589 1794 M.
626 1762 725 1801 pinus
741 1761 836 1799 M²P‚
853 1762 925 1793 both
941 1761 1055 1793 known
1070 1766 1100 1793 to
1114 1762 1360 1802 Philaryyrius.

230 1803 277 1822 ¹⁴²⁸
301 1808 378 1845 post
396 1809 613 1836 memoranda
629 1805 707 1836 MP.
887 1803 935 1823 ¹⁵⁴
958 1815 1036 1842 -que
1051 1804 1181 1836 omitted
1196 1805 1235 1835 P.

228 1877 240 1895 1
266 1878 406 1908 Editors
415 1878 611 1917 commonly
627 1878 706 1909 read
717 1878 833 1916 pinus,
848 1878 915 1908 and
926 1887 1069 1916 suppose
1086 1879 1161 1909 that
1170 1877 1265 1917 pines
1279 1886 1362 1908 were

186 1930 303 1959 grown
319 1921 372 1951 for
386 1921 445 1951 the
461 1923 543 1952 sake
559 1922 594 1952 of
613 1920 703 1951 their
719 1920 941 1959 pollen-dust.

231 1961 243 1979 ²
267 1963 288 1993 i.
296 1973 320 1994 e.
340 1963 383 1994 he
400 1973 468 1994 was
483 1964 559 1994 able
576 1966 612 1995 to
629 1963 822 2000 transplant
837 1963 1035 2002 full-grown
1052 1964 1149 1994 trees.

229 2004 242 2022 ³
267 2006 401 2044 Saturn,
426 2005 589 2045 knowing
616 2006 691 2036 that
715 2015 778 2037 one
802 2006 837 2036 of
860 2006 913 2036 his
935 2004 1090 2037 children
1108 2015 1173 2037 was
1190 2008 1225 2038 to
1242 2005 1362 2045 depose

188 2046 263 2085 206
