1430 2335
657 87 850 126 VIRGIL

162 177 231 202 rex
249 164 388 209 Anius,
401 176 470 200 rex
485 163 591 200 idem
611 163 817 200 hominum
836 164 1066 214 Phoebique
1083 164 1277 210 sacerdos,
1290 169 1338 201 80

162 221 273 254 vittis
294 223 334 254 et
355 231 462 254 sacra
481 217 690 254 redimitus
711 223 892 267 tempora
910 218 1019 254 lauro

163 274 345 316 occurrit5
366 276 544 307 veterem
565 270 768 308 Anchisen
788 272 997 320 adgnoscit
1016 273 1183 308 amicum
1200 284 1209 316 ;

162 327 362 373 iungimus
383 324 554 373 hospitio
573 324 734 361 dextras
753 329 795 361 et
814 330 921 361 tecta
941 325 1128 361 subimus.

219 383 243 399 “
257 378 424 427 Templa
443 378 508 415 dei
526 391 619 414 saxo
638 379 854 414 venerabar
872 383 1023 415 structa
1042 383 1198 415 vetusto
1214 391 1221 414 :

164 435 174 452 ‘
190 431 239 468 da
287 435 500 481 propriam,
549 431 814 481 Thymbraee,
863 432 1039 478 domum,
1085 432 1136 468 da
1185 434 1341 468 moenia

269 485 381 522 fessis
1292 489 1339 521 85

165 543 206 575 ct
226 551 352 587 genus
373 543 414 575 et
434 551 657 575 mansuram
679 539 843 582 urbem3
864 551 976 575 serva
996 538 1120 575 altera
1135 538 1276 575 Troiae

166 592 368 641 Pergama,
382 592 568 641 reliquias
588 592 772 628 Danaum
793 597 913 641 atque
933 594 1096 628 immitis
1118 591 1275 628 Achilli.

164 658 282 695 quem
327 646 554 694 sequimur?
612 658 739 695 quove
785 648 842 682 ire
886 645 1027 682 iubes?
1083 646 1149 682 ubi
1194 657 1341 694 ponere

269 699 385 735 sedes
398 702 412 734 ,Ρ

165 752 227 797 da,
247 758 373 801 pater,
393 755 599 801 augurium
621 758 742 801 atque
763 754 904 788 animis
924 751 1100 788 inlabere
1120 751 1288 789 nostris.’

217 810 241 825 “
256 806 329 841 Vix
343 819 389 842 ea
403 806 506 842 fatus
522 819 627 842 eram
646 820 652 842 2
674 811 846 842 tremere
861 808 992 841 omnia
1004 808 1084 842 visa
1098 811 1278 854 repente,
1293 809 1342 847 90

163 859 379 909 liminaque
399 859 608 909 laurusque
629 859 708 905 dei,
728 864 915 908 totusque
934 861 1081 896 moveri

164 926 276 948 mons
296 916 443 949 circum
464 918 505 949 et
525 915 677 961 mugire
697 913 828 962 adytis
848 915 1000 949 cortina
1020 912 1193 949 reclusis.

164 969 359 1003 summissi
379 969 551 1015 petimus
571 972 729 1012 terram,
751 971 793 1003 et
812 979 885 1003 vox
905 966 1032 1003 fertur
1050 966 1099 1002 ad
1119 969 1244 1003 auris:

164 1024 174 1041 ‘
192 1020 444 1057 Dardanidae
466 1020 565 1065 duri,
586 1033 687 1069 quae
710 1033 773 1056 vos
794 1033 815 1055 a
835 1023 959 1069 stirpe
980 1024 1190 1069 parentum

164 1076 289 1122 prima
309 1073 402 1110 tulit
421 1073 554 1118 tellus,
575 1073 714 1110 eadem
736 1087 801 1109 vos
822 1074 944 1110 ubere
964 1073 1069 1110 laeto
1293 1077 1341 1115 95

163 1130 334 1176 accipiet
354 1127 531 1164 reduces.
588 1130 793 1176 antiquam
815 1129 1012 1176 exquirite
1031 1132 1209 1163 matrem.

164 1180 228 1216 hic
249 1180 388 1217 domus
408 1181 571 1217 Aeneae
593 1183 745 1217 cunctis
766 1181 1035 1217 dominabitur
1046 1184 1143 1226 cris,

165 1240 207 1270 et
229 1237 310 1269 nati
333 1239 513 1270 natorum
534 1239 575 1270 et
595 1237 661 1283 qui
682 1239 895 1270 nascentur
914 1235 962 1270 ab
983 1233 1082 1270 illis.'

165 1287 263 1324 haec
286 1287 490 1331 Phoebus;
516 1291 720 1337 mixtoque
740 1290 881 1337 ingens
901 1292 1035 1323 exorta
1055 1287 1230 1323 tumultu

164 1340 318 1377 laetitia
338 1346 379 1378 et
399 1344 544 1385 cuncti,
560 1354 660 1390 quae
682 1344 760 1377 sint
781 1354 827 1377 ea
845 1343 1015 1386 moenia,
1029 1346 1236 1390 quaerunt,
1272 1344 1344 1376 100

165 1408 242 1443 quo
263 1394 446 1431 Phoebus
465 1400 579 1430 vocet
601 1397 766 1431 errantis
786 1395 999 1443 iubeatque
1019 1397 1173 1430 reverti.

165 1453 251 1483 tum
273 1451 444 1495 genitor,
464 1453 644 1485 veterum
663 1448 823 1484 volvens
842 1452 1099 1484 monumenta
1119 1450 1302 1493 virorum,

165 1505 175 1521 ‘
188 1501 336 1543 audite,
356 1516 379 1538 o
400 1501 607 1551 proceres,’
630 1504 700 1546 ait,
720 1505 730 1522 ‘
745 1506 786 1538 et
806 1514 895 1550 spes
914 1501 1055 1538 discite
1078 1506 1236 1537 vestras.

165 1556 282 1591 Creta
304 1555 404 1591 Iovis
424 1558 556 1604 magni
579 1555 711 1591 medio
731 1558 834 1592 iacet
853 1555 980 1591 insula
998 1559 1134 1603 ponto,

165 1621 277 1644 mons
301 1608 442 1645 Idaeus
463 1609 530 1644 ubi
551 1613 592 1645 et
611 1611 743 1656 gentis
764 1608 958 1644 cunabula
977 1613 1144 1644 nostrae.
1273 1611 1343 1643 105

165 1667 327 1698 centum
348 1662 464 1699 urbes
483 1656 666 1698 habitant
687 1675 859 1711 magnas,
879 1662 1075 1698 uberrima
1095 1672 1239 1710 regna;

164 1718 357 1751 maximus
377 1715 484 1752 unde
505 1720 630 1764 pater,
651 1718 682 1752 si
704 1718 778 1752 rite
797 1715 933 1751 audita
952 1715 1146 1757 recordor,

165 1768 340 1805 Teucrus
364 1769 560 1805 Rhoeteas
581 1772 750 1818 primum
771 1774 832 1805 est
852 1769 1041 1805 advectus
1059 1768 1107 1803 ad
1129 1780 1213 1803 oras

165 1825 397 1871 optavitque
418 1823 549 1859 locum
568 1835 703 1871 regno.
760 1822 938 1858 nondum
961 1822 1076 1858 Ilium
1097 1826 1137 1857 et
1157 1834 1265 1857 arces

222 1900 250 1919 ⁸²
274 1903 417 1932 accurrit
440 1900 501 1931 M2.
549 1902 703 1941 agnoscit
723 1902 782 1933 M:
806 1901 973 1940 adgnovit
990 1900 1059 1932 FP.

221 1943 249 1962 ⁹³
277 1948 308 1974 et
326 1945 455 1974 omitted
475 1944 572 1976 F1P1.
624 1955 721 1976 auras
738 1944 772 1975 οιι
789 1956 796 1976 2
821 1955 940 1976 aureas
957 1943 1020 1975 Pl:
1045 1953 1142 1975 aures
1158 1942 1272 1983 P27a2.

208 1986 252 2004 ¹⁰⁸
277 1987 334 2026 ad]
359 1988 392 2017 in
413 1987 481 2017 FP.

171 2052 215 2066 o-

169 2054 246 2085 004·
