1430 2335
687 97 882 138 VlRGIL

707 221 871 246 THYRSIS

200 276 392 324 pastores,
412 278 561 315 hedera
579 283 813 315 nascentem
832 283 971 316 ornate
992 283 1165 328 poetam,
1332 280 1380 314 25

196 333 386 378 Arcades,
405 332 552 368 invidia
571 337 806 381 rumpantur
826 337 870 368 ut
890 332 956 368 ilia
977 331 1127 374 Codro3

196 391 279 433 aut,
298 389 329 423 si
351 386 453 422 ultra
473 385 662 434 placitum
683 385 868 431 laudarit,
889 386 1051 422 baccare
1067 385 1243 422 frontem

197 442 361 490 cingite,
380 452 431 476 ne
451 442 531 476 vati
550 444 692 476 noceat
713 439 815 475 mala
831 439 969 488 lingua
987 439 1132 476 futuro.

701 557 884 582 CORYDON

198 615 350 652 Saetosi
371 621 491 665 caput
512 616 585 652 hoc
605 618 689 665 apri
710 615 797 661 tibi,
820 615 950 660 Delia,
972 628 1113 664 parvus

198 675 240 706 et
259 682 409 705 ramosa
431 670 564 705 Micon
587 672 730 706 vivacis
750 682 896 706 cornua
915 672 1030 706 cervi.
1334 673 1383 706 30

197 725 228 759 si
249 726 451 772 proprium
471 723 545 759 hoc
567 722 701 769 fuerit,
720 722 799 760 levi
820 723 870 759 de
890 735 1084 760 marmore
1104 726 1190 760 tota

197 779 367 825 puniceo
387 777 508 813 stabis
529 790 636 814 suras
658 779 816 814 evineta
837 782 1012 814 coturno.

709 927 874 953 THYRSIS

198 985 336 1023 Sinum
358 985 471 1022 lactis
492 991 534 1022 et
554 985 652 1022 haec
674 991 715 1023 te
735 987 825 1031 liba,
852 987 1004 1036 Priape,
1024 989 1235 1036 quotannis

198 1045 429 1088 exspectare
450 1044 509 1076 sat
529 1045 588 1076 est
608 1053 615 1076 ε
645 1045 777 1077 eustos
799 1053 840 1077 es
860 1043 1043 1090 pauperis
1064 1040 1178 1078 horti.

197 1106 302 1129 nunc
323 1098 363 1129 te
383 1106 647 1130 marmoreum
667 1106 737 1142 pro
756 1099 939 1143 tempore
960 1094 1126 1131 fecimus
1144 1107 1154 1139 ;
1181 1099 1222 1130 at
1244 1099 1300 1141 tu,
1334 1097 1382 1130 35

197 1149 228 1183 si
249 1146 378 1184 fetura
397 1159 561 1196 gregem
583 1147 841 1196 suppleverit,
860 1161 1001 1185 aureus
1021 1153 1119 1186 esto.

697 1298 881 1323 CORYDON

199 1354 348 1391 Nerine
369 1354 549 1401 Galatea,
570 1355 709 1405 thymo
724 1356 820 1392 mihi
840 1356 993 1393 dulcior
1015 1357 1188 1405 Hyblae,

198 1408 402 1444 candidior
420 1412 564 1458 cycnis,
585 1408 734 1446 hedera
755 1409 958 1446 formosior
975 1410 1077 1456 alba,
1334 1423 1387 1448 ΜΡ

198 1474 287 1497 cum
309 1464 478 1511 primum
499 1465 599 1512 pasti
621 1468 810 1512 repetent
830 1467 1036 1513 praesepia
1056 1466 1172 1510 tauri,

199 1517 229 1551 si
257 1529 333 1565 qua
353 1518 411 1552 tui
433 1516 651 1566 Corydonis
671 1516 795 1554 habet
815 1522 856 1554 te
877 1531 980 1563 cura,
1002 1520 1148 1555 venito.
1337 1522 1386 1554 40

716 1629 879 1654 THYRSIS

204 1683 329 1721 Immo
350 1698 425 1735 ego
446 1684 651 1722 Sardoniis
671 1687 807 1724 videar
826 1687 899 1724 tibi
919 1690 1087 1725 amarior
1106 1687 1253 1735 herbis,

202 1738 396 1775 horridior
411 1752 538 1785 rusco,
559 1742 735 1788 proiecta
756 1740 868 1777 vilior
887 1741 988 1790 alga,

201 1793 232 1828 si
252 1792 349 1828 mihi
368 1806 449 1828 non
469 1792 567 1829 haee
586 1792 655 1829 lux
674 1799 761 1830 toto
779 1797 857 1830 iam
872 1794 1026 1844 longior
1044 1808 1148 1832 anno
1167 1799 1239 1832 est.

201 1848 259 1882 ite
280 1845 440 1882 domum
461 1849 577 1895 pasti,
598 1849 629 1883 si
648 1850 734 1897 quis
754 1848 894 1897 pudor,
915 1851 970 1885 ite
991 1851 1158 1885 iuvenci.

632 1923 662 1945 ²⁵
685 1930 892 1958 crescentem
910 1928 951 1958 P.

250 1997 260 2017 ¹
288 1999 320 2029 It
338 2009 403 2029 was
422 1999 572 2037 thought
589 2000 667 2031 that
685 2010 726 2031 an
745 2000 813 2032 evil
831 2004 958 2042 tongue
973 2001 1087 2039 could,
1104 2002 1148 2042 by
1165 2005 1390 2042 extravagaut

206 2045 255 2077 50
