1430 2335
710 80 904 120 VIRGIL

713 200 918 226 DAMOETAS

226 258 287 293 An
308 256 404 292 mihi
424 256 623 293 cantando
645 259 771 295 victus
792 272 870 295 non
892 260 1079 298 redderet
1100 262 1180 308 ille,

222 323 340 359 quem
362 323 450 346 mea
469 311 707 347 carminibus
728 315 937 350 meruisset
957 314 1086 352 fistula
1105 319 1294 365 caprum?

222 367 253 399 si
274 367 415 408 nescis,
434 377 546 401 meus
570 364 636 401 ille
657 378 774 414 caper
795 368 893 406 fuit:
919 372 960 404 et
979 367 1076 404 mihi
1099 369 1254 407 Damon

222 421 306 466 ipse
327 419 553 462 fatebatur3
583 418 652 455 sed
674 419 841 456 reddere
861 433 975 469 posse
997 423 1182 471 negabat.

717 517 915 542 MENALCAS

224 572 431 608 Cantando
453 577 495 609 tu
515 573 655 610 illum?
682 579 752 611 aut
774 588 958 625 umquam
977 578 1050 614 tibi
1071 577 1200 615 fistula
1224 593 1312 617 cera
1354 586 1402 618 25

222 628 357 662 iuncta
377 625 481 662 fuit?
510 639 588 663 non
611 633 651 664 tu
678 630 717 664 in
737 631 876 675 triviis,
898 630 1074 677 indocte,
1093 631 1246 669 solebas

222 679 410 716 stridenti
430 682 617 718 miserum
638 682 786 731 stipula
804 682 1037 733 disperdere
1057 697 1215 723 carmen
1232 689 1246 723 ?
1334 701 1405 725 rav

717 823 920 849 DAMOETAS

226 877 291 914 Vis
312 890 407 927 ergo
428 880 534 915 inter
552 891 636 924 nos,
656 881 751 930 quid
771 884 897 930 possit
917 888 1098 933 uterque,
1118 887 1285 922 vicissim

224 934 502 979 experiamur?
532 945 608 979 ego
628 935 729 971 hanc
751 935 914 972 vitulam
935 937 1003 987 (ne
1024 937 1127 974 forte
1147 951 1312 983 recuses,

227 985 283 1020 bis
303 988 414 1022 venit
433 987 482 1022 ad
504 988 728 1033 mulctram,
751 989 860 1026 binos
880 990 952 1027 alit
971 991 1092 1028 ubere
1113 991 1236 1044 setus)
1356 998 1405 1030 30

224 1038 382 1087 depono
401 1052 408 1075 :
438 1047 481 1076 tu
503 1040 580 1086 dic,
601 1054 756 1078 mecum
777 1055 854 1092 quo
875 1046 1041 1093 pignore
1061 1050 1202 1084 certes.

719 1182 917 1207 MENALCAS

227 1237 289 1273 De
309 1249 432 1285 grege
453 1250 531 1274 non
550 1239 675 1275 ausim
695 1243 905 1289 quicquam
923 1241 1125 1290 deponere
1145 1247 1275 1281 tecum
1292 1258 1302 1283 ε

227 1299 288 1326 est
308 1292 405 1326 mihi
426 1303 596 1340 namque
616 1292 724 1329 domi
742 1300 872 1342 pater,
891 1300 953 1331 est
972 1298 1118 1332 iniusta
1137 1310 1318 1344 noverca,

228 1345 365 1393 bisque
385 1344 450 1380 die
469 1351 683 1381 numerant
701 1348 817 1384 ambo
836 1360 969 1397 pecus,
989 1349 1090 1386 alter
1109 1356 1152 1387 et
1171 1351 1329 1390 haedos.

226 1410 376 1442 verum,
397 1397 437 1433 id
457 1398 561 1447 quod
582 1400 708 1436 multo
728 1406 815 1437 tute
835 1405 919 1450 ipse
940 1402 1118 1440 fatebere
1139 1408 1275 1452 maius,
1358 1410 1405 1443 35

226 1452 415 1500 (insanire
436 1452 535 1488 libet
554 1456 742 1502 quoniam
759 1455 850 1503 tibi)
870 1456 1011 1504 pocula
1029 1470 1174 1505 ponam

226 1504 373 1553 fagina,
392 1506 588 1542 caelatum
609 1506 733 1543 divini
753 1520 849 1557 opus
870 1509 1185 1556 Alcimedontis;

228 1560 338 1593 lenta
357 1560 499 1607 quibus
519 1566 635 1595 torno
653 1561 760 1597 facili
779 1563 1035 1610 superaddita
1053 1568 1145 1601 vitis

227 1611 387 1647 diffusos
408 1611 556 1649 hedera
575 1616 697 1650 vestit
715 1613 893 1663 pallente
913 1617 1130 1665 corymbos.

227 1666 267 1699 in
289 1666 421 1701 medio
440 1666 519 1702 duo
538 1668 663 1715 signa,
683 1667 821 1704 Conon
840 1672 1023 1719 et—quis
1042 1671 1119 1707 fuit
1137 1671 1252 1718 alter,
1357 1678 1408 1710 40

229 1717 438 1767 descripsit
453 1720 561 1756 radio
580 1726 710 1757 totum
729 1724 797 1771 qui
815 1724 1003 1771 gentibus
1022 1727 1168 1771 orbem,

227 1775 410 1819 tempora
430 1785 530 1821 quae
549 1786 711 1818 messor,
732 1788 833 1824 quae
852 1789 992 1814 curvus
1010 1781 1141 1815 arator
1159 1778 1354 1817 haberet?

229 1824 401 1861 necdum
420 1826 496 1863 illis
518 1825 626 1863 'labra
644 1829 812 1875 admovi,
832 1830 903 1867 sed
923 1831 1083 1868 condita
1102 1845 1228 1872 servo,

279 1885 308 1905 ²⁶
332 1889 447 1919 vincta
460 1889 500 1920 R.

275 1930 304 1948 ³3
328 1931 421 1962 facili
448 1943 479 1971 γ,
500 1932 614 1963 known
631 1938 660 1964 ιο
676 1937 807 1967 Nervius
821 1947 832 1968 .·
858 1937 943 1968 sacti
959 1937 1028 1969 Pl:
1057 1938 1168 1970 facilis
1188 1939 1223 1976 V,
1240 1939 1402 1979 Dzmatus,

231 1974 337 2004 Barna
353 1974 505 2007 Scholia:
520 1976 654 2016 fragilis
670 1977 709 2009 R.

236 2031 280 2064 18
