1430 2335
660 58 855 95 VIRGIL

160 135 325 172 abstulit
346 140 431 171 atra
452 133 536 171 dies
558 138 600 171 et
621 132 762 171 funere
781 136 920 171 mersit
938 134 1094 172 acerbo.

159 189 232 226 hos
250 191 362 225 iuxta
382 188 481 224 falso
501 188 680 225 damnati
701 190 866 224 crimine
887 191 1036 225 mortis.
1270 192 1346 225 430

160 254 235 278 nec
256 255 347 279 vero
368 242 444 278 hae
465 244 548 278 siue
569 247 675 278 sorte
695 241 826 287 datae,
846 244 930 278 sine
951 242 1094 287 iudice,
1115 244 1252 280 sedes:

160 299 360 345 quaesitor
383 296 512 332 Minos
531 309 671 331 urnam
692 301 848 338 movet3
878 295 945 332 ille
965 295 1156 332 silentum

160 350 452 399 conciliumque
472 353 600 395 vocat,
621 351 802 399 vitasque
822 353 864 386 et
882 351 1046 386 crimina
1065 349 1195 388 discit.

159 406 338 452 proxima
357 403 505 440 deinde
524 408 671 440 tenent
688 405 831 440 maesti
849 403 946 449 loca,
967 406 1035 453 qui
1055 403 1128 439 sibi
1148 403 1273 440 letum

160 460 339 494 insontes
361 469 554 506 peperere
573 470 694 493 manu
712 456 925 506 lucemque
945 459 1073 506 perosi
1269 459 1344 492 435

160 514 364 560 proiecere
384 513 544 547 animas.
603 523 720 560 quam
741 510 894 547 vellent
912 510 1077 548 aethere
1097 513 1139 546 in
1158 510 1241 547 alto

159 578 266 601 nunc
287 570 330 602 et
348 567 579 613 pauperiem
600 569 643 601 et
661 564 780 601 duros
800 563 977 613 perferre
997 564 1171 601 labores!

161 618 219 654 fas
238 618 371 655 obstat
391 620 594 668 tristisque
613 618 725 667 palus
745 617 967 655 inamabilis
986 618 1116 656 undae

160 672 300 720 alligat
319 677 361 709 et
379 675 545 708 noviens
568 672 667 722 Styx
687 671 880 708 interfusa
899 677 1067 709 coercet.

214 726 300 763 Nec
320 726 456 776 procul
475 725 569 761 hinc
590 731 745 774 partem
760 725 837 762 fusi
848 730 1121 762 monstrantur
1133 727 1173 762 in
1186 737 1347 761 omnem

160 780 367 829 Lugentes
387 780 549 828 Campi3
578 782 632 816 sic
651 779 738 816 illos
757 782 920 816 nomine
940 779 1091 817 dicunt.
1270 782 1342 813 441

160 833 238 877 hic,
259 847 355 883 quos
375 834 495 869 durus
514 846 622 869 amor
643 833 793 870 crudeli
814 834 907 870 tabe
927 833 1097 882 peredit,

159 890 304 924 secreti
323 887 458 924 celant
473 886 592 923 calles
612 892 654 923 et
674 892 828 936 myrtea
847 889 994 923 circum

160 941 256 977 silva
275 944 404 990 tegit;
433 953 549 977 curae
570 954 650 977 non
669 943 754 990 ipsa
773 943 814 976 in
835 946 962 977 morte
982 940 1226 990 relinquunt.

161 994 220 1031 his
233 994 451 1032 Phaedram
462 994 715 1044 Procrimque
727 994 823 1031 locis
831 999 1105 1044 maestamque
1115 995 1347 1046 Eriphylen,

161 1048 332 1085 crudelis
351 1051 435 1085 nati
455 1053 746 1085 monstrantem
766 1048 939 1094 volnera,
959 1051 1098 1093 cernit,
1270 1048 1346 1085 *146

162 1102 437 1152 Euadnenque
458 1107 499 1139 et
521 1102 763 1151 Pasiphaen3
796 1101 856 1138 his
877 1101 1090 1138 Laodamia

160 1159 192 1193 it
212 1169 344 1194 comes
364 1161 405 1193 et
424 1158 578 1192 iuvenis
599 1156 812 1205 quondam,
831 1169 938 1192 nunc
958 1155 1118 1201 femina,
1140 1156 1319 1193 Caeneus

160 1223 291 1247 rursus
312 1215 354 1247 et
374 1212 413 1246 in
435 1214 612 1246 veterem
633 1209 716 1246 fato
735 1209 915 1247 revoluta
934 1209 1112 1259 figuram.

160 1266 266 1300 inter
285 1277 381 1313 quas
403 1263 616 1300 Phoenissa
636 1276 775 1300 recens
795 1277 817 1299 a
836 1263 998 1300 volnere
1023 1263 1126 1300 Dido
1269 1268 1345 1300 450

161 1318 318 1355 errabat
338 1317 433 1354 silva
453 1320 492 1353 in
512 1330 667 1366 magna.
727 1330 844 1367 quam
865 1317 1006 1353 Troius
1026 1317 1143 1355 heros

160 1377 206 1408 ut
226 1374 396 1420 primum
415 1373 526 1407 iuxta
544 1373 660 1407 stetit
678 1370 948 1421 adgnovitque
969 1384 1039 1420 per
1057 1372 1215 1409 umbras

161 1426 380 1470 obscuram,
400 1425 559 1474 qualem
580 1427 706 1474 primo
726 1427 793 1474 qui
813 1437 974 1473 surgere
993 1438 1130 1462 mense

161 1484 230 1515 aut
251 1478 360 1515 videt
380 1484 449 1515 aut
469 1479 612 1515 vidisse
634 1483 749 1527 putat
769 1491 840 1528 per
860 1478 996 1515 nubila
1016 1478 1163 1524 lunam,

160 1532 321 1569 demisit
340 1533 519 1568 lacrimas
538 1532 724 1581 dulcique
744 1531 902 1568 adfatus
921 1545 1053 1569 amore
1074 1540 1134 1571 est
1152 1547 1160 1572 τ
1273 1541 1347 1573 455

162 1586 339 1623 “infelix
361 1586 480 1631 Dido,
499 1599 614 1622 verus
634 1585 732 1621 mihi
751 1589 914 1622 nuntius
934 1599 1029 1635 ergo

162 1646 325 1676 venerat
345 1642 597 1685 exstinctam,
617 1639 800 1689 ferroque
821 1645 1000 1676 extrema
1020 1643 1229 1678 secutam?

162 1694 312 1731 funeris
333 1693 434 1730 heu!
459 1694 529 1730 tibi
550 1706 665 1729 causa
686 1693 772 1728 fui?
811 1706 882 1742 per
902 1694 1029 1731 sidera
1051 1697 1150 1741 iuro,

206 1783 251 1801 ⁴³²
276 1785 456 1816 consilium
472 1785 513 1815 P.
920 1783 967 1802 ⁴³⁶
990 1795 1072 1822 quas
1088 1784 1153 1817 Δ112.

208 1826 253 1845 133
276 1828 347 1858 fata
385 1828 523 1859 obstant
560 1825 623 1860 Δ112,
653 1828 870 1866 Auyustinus,
889 1828 1029 1859 Servius.
1084 1830 1176 1861 tristi
1203 1831 1346 1864 Servius.

163 1871 258 1910 palus
275 1873 307 1901 et
325 1869 387 1901 Δ112.
442 1871 531 1901 unda
553 1867 660 1907 Jl²R²⁷
681 1869 823 1901 Servius.

207 1912 253 1930 ³⁴2
280 1914 420 1952 peremit
440 1912 504 1943 All.
909 1912 954 1930 ⁴¹⁴⁹
978 1917 1134 1946 revocata
1148 1916 1187 1949 R.

208 1953 253 1975 ¹5²
278 1956 430 1987 umbram
451 1957 497 1987 M.
910 1956 955 1974 ⁴⁵⁵
980 1957 1111 1988 dimisit
1126 1959 1173 1991 M.

167 2007 242 2046 536
