1430 2335
636 71 829 109 VIRGIL

146 144 303 181 Italiam
324 148 526 195 sequimur
544 146 766 195 fugientem
789 152 831 184 et
850 148 1042 185 volvimur
1060 149 1185 188 undis.

142 198 207 234 hic
228 198 364 247 Erycis
384 199 481 236 fines
501 200 668 237 fraterni
687 205 807 250 atque
828 201 972 251 hospes
993 202 1159 238 Acestes
1178 216 1186 246 ;
1241 201 1318 239 630

143 255 228 301 quis
249 252 434 301 prohibet
455 266 584 290 muros
603 256 730 290 iacere
751 259 793 290 et
812 254 907 291 dare
927 256 1074 291 civibus
1094 256 1230 292 urbem
1251 257 1264 291 .³

143 319 166 340 o
186 308 312 354 patria
332 311 373 342 et
392 310 494 354 rapti
515 310 754 356 nequiquam
775 320 823 343 ex
843 307 957 345 hoste
979 308 1160 353 Penates,

142 358 303 394 nullane
323 361 399 395 iam
418 360 558 396 Troiae
578 361 763 397 dicentur
780 364 935 397 moenia
952 363 966 397 ?
1019 374 1212 412 nusquam

145 412 367 448 Hectoreos
387 416 525 457 amnis,
541 413 747 450 Xanthum
767 419 809 450 et
828 414 1044 459 Simoenta,
1064 416 1208 452 videbo
1224 418 1238 452 Ρ

142 467 237 515 quin
255 467 363 514 agite
383 472 426 502 et
447 479 601 503 mecum
621 467 810 503 infaustas
831 471 983 504 exurite
1004 472 1157 517 puppiS.
1241 467 1316 506 635

141 531 231 554 nam
251 518 345 554 mihi
369 519 609 556 Cassandrae
629 533 700 569 per
714 533 893 556 somnum
912 524 1011 557 vatis
1030 524 1160 570 imago

139 571 317 608 ardentis
335 572 429 609 dare
448 576 529 609 visa
548 573 677 611 faces:
705 576 718 595 ‘
730 573 795 610 hic
817 577 994 623 quaerite
1014 574 1182 619 Troiam,

139 625 205 661 hic
233 626 373 662 domus
402 627 487 671 est,’
518 629 648 676 inquit
677 627 836 664 ‘vobis'
894 630 972 664 iam
1000 632 1158 677 tempus
1187 632 1250 678 agi

245 692 320 723 reS,

139 745 213 768 nec
231 735 355 769 tantis
374 745 482 769 mora
500 733 701 782 prodigiis.
757 746 808 770 en
828 738 1014 783 quattuor
1034 748 1123 771 arae

139 786 353 834 Neptuno3
373 786 471 823 deus
491 789 575 835 ipse
591 787 697 823 faces
711 789 966 837 animumque
980 789 1214 826 ministrat.’'
1239 788 1315 827 640

194 840 307 876 Haec
335 852 558 876 memorans
587 843 712 889 prima
740 840 941 877 infensum
969 843 1006 876 vi
1048 846 1210 891 corripit

242 896 377 942 ignem

136 947 370 996 sublataque
390 946 525 995 procul
545 946 685 983 dextra
704 949 843 983 conixa
863 952 1042 984 coruscat

136 1004 178 1036 et
197 1002 300 1036 iacit.
356 1005 534 1036 arrectae
555 1005 711 1036 mentes
730 999 1036 1050 stupefactaque
1056 1002 1173 1038 corda

137 1053 319 1090 Iliadum.
378 1053 441 1089 hic
461 1067 539 1089 una
559 1066 580 1089 e
601 1053 750 1099 multis,
769 1066 870 1103 quae
889 1057 1058 1090 maxima
1080 1061 1189 1102 natu,

137 1106 279 1156 Pyrgo,
298 1111 360 1143 tot
383 1107 522 1142 Priami
542 1112 724 1142 natorum
742 1109 853 1155 regia
870 1111 1005 1143 nutrix
1030 1122 1038 1145 :
1238 1108 1312 1147 645

135 1164 160 1181 “
176 1173 252 1196 non
276 1160 401 1196 Beroe
422 1161 543 1205 vobis,
565 1173 643 1196 non
665 1160 764 1197 haec
786 1161 992 1206 Rhoeteia,
1011 1166 1171 1208 matres,

135 1218 196 1249 est
217 1213 379 1262 Dorycli
398 1216 592 1257 conium-13
621 1213 745 1250 divini
765 1216 878 1262 signa
897 1214 1049 1251 decoris

133 1267 390 1316 ardentisque
410 1272 550 1303 notate
569 1267 714 1311 oculos,
735 1269 801 1316 qui
820 1269 979 1316 spiritus
998 1268 1067 1313 illi,

134 1323 203 1370 qui
225 1320 353 1356 voltus
374 1322 557 1369 vocisque
578 1333 696 1356 sonus
715 1320 777 1357 vel
797 1333 953 1367 gressus
974 1324 1096 1359 eunti.

133 1377 216 1423 ipsa
236 1378 397 1422 egomet
416 1373 568 1409 dudum
591 1374 743 1410 Beroen
763 1373 939 1421 digressa
961 1374 1101 1424 reliqui
1235 1375 1310 1414 650

132 1440 302 1476 aegram,
324 1426 616 1475 indignantem,
637 1426 705 1463 tali
725 1427 829 1476 quod
849 1428 931 1464 sola
949 1434 1102 1464 careret

133 1493 298 1516 munere
318 1493 391 1516 nec
412 1483 573 1517 meritos
594 1480 792 1517 Anchisae
812 1481 979 1518 inferret
999 1481 1207 1519 honores.'’

132 1533 230 1570 haee
249 1533 379 1571 effata.

130 1592 172 1623 at
191 1593 337 1623 matres
357 1589 484 1635 primo
503 1589 697 1635 ancipites
717 1586 919 1637 oculisque
940 1587 1122 1637 malignis

131 1641 340 1689 ambiguae
361 1645 542 1689 spectare
562 1646 669 1677 rates
687 1643 875 1677 miserum
895 1644 1001 1678 inter
1018 1655 1193 1679 amorem
1234 1642 1308 1681 655

131 1697 352 1742 praesentis
371 1699 501 1730 terrae
521 1693 691 1743 fatisque
711 1696 892 1730 vocantia
910 1707 1047 1743 regna,

130 1760 220 1783 cum
241 1747 316 1783 dea
335 1760 376 1783 se
397 1748 555 1795 paribus
575 1760 646 1796 per
665 1747 816 1783 caelum
837 1748 998 1784 sustulit
1015 1748 1086 1784 alis

130 1804 416 1850 ingentemque
437 1799 531 1849 fuga
551 1803 677 1837 secuit
697 1801 769 1836 sub
788 1801 958 1837 nubibus
977 1814 1122 1838 arcum.

129 1858 215 1890 tum
236 1867 327 1889 vero
347 1857 543 1890 attonitae
564 1856 749 1890 monstris
768 1859 958 1903 actaeque
979 1854 1109 1891 furore

130 1907 378 1943 conclamant
394 1910 631 1956 rapiuntque
647 1906 743 1943 focis
759 1907 1029 1956 penetralibus
1045 1910 1179 1956 ignem
1194 1922 1202 1953 ;
1230 1907 1307 1946 660

300 1957 347 1977 ⁸³¹
372 1961 428 1997 qui
446 1958 522 1990 Ml:
541 1960 622 1997 quid
640 1960 679 1990 R.
902 1959 949 1978 ⁶4⁹
973 1962 1049 1998 quis
1065 1961 1136 1991 PR.

129 2017 204 2050 488
